@misc{tijmen2024cosmosage,
  author = {Tijmen2},
  title = {Cosmosage\_v2},
  year = {2024},
  howpublished = {\url{https://huggingface.co/Tijmen2/cosmosage_v2}},
  note = {Accessed: 2024-06-06}
}

@ARTICLE{2022MNRAS.509.3966W,
       author = {{Walmsley}, Mike and {Lintott}, Chris and {G{\'e}ron}, Tobias and {Kruk}, Sandor and {Krawczyk}, Coleman and {Willett}, Kyle W. and {Bamford}, Steven and {Kelvin}, Lee S. and {Fortson}, Lucy and {Gal}, Yarin and {Keel}, William and {Masters}, Karen L. and {Mehta}, Vihang and {Simmons}, Brooke D. and {Smethurst}, Rebecca and {Smith}, Lewis and {Baeten}, Elisabeth M. and {Macmillan}, Christine},
        title = "{Galaxy Zoo DECaLS: Detailed visual morphology measurements from volunteers and deep learning for 314 000 galaxies}",
      journal = {\mnras},
     keywords = {methods: data analysis, galaxies: bar, galaxies: general, galaxies: interactions, Astrophysics - Astrophysics of Galaxies, Computer Science - Computer Vision and Pattern Recognition},
         year = 2022,
        month = jan,
       volume = {509},
       number = {3},
        pages = {3966-3988},
          doi = {10.1093/mnras/stab2093},
archivePrefix = {arXiv},
       eprint = {2102.08414},
 primaryClass = {astro-ph.GA},
       adsurl = {https://ui.adsabs.harvard.edu/abs/2022MNRAS.509.3966W},
      adsnote = {Provided by the SAO/NASA Astrophysics Data System}
}

@misc{leung_galaxy10_decals,
  author = {Henry Leung and Jo Bovy},
  title = {Galaxy10 DECals Dataset},
  year = {2023},
  howpublished = {\url{https://astronn.readthedocs.io/en/latest/galaxy10.html}},
  note = {Accessed: 2024-06-06}
}

@ARTICLE{CSC,
       author = {{Evans}, Ian N. and {Primini}, Francis A. and {Glotfelty}, Kenny J. and {Anderson}, Craig S. and {Bonaventura}, Nina R. and {Chen}, Judy C. and {Davis}, John E. and {Doe}, Stephen M. and {Evans}, Janet D. and {Fabbiano}, Giuseppina and {Galle}, Elizabeth C. and {Gibbs}, Danny G., II and {Grier}, John D. and {Hain}, Roger M. and {Hall}, Diane M. and {Harbo}, Peter N. and {He}, Xiangqun Helen and {Houck}, John C. and {Karovska}, Margarita and {Kashyap}, Vinay L. and {Lauer}, Jennifer and {McCollough}, Michael L. and {McDowell}, Jonathan C. and {Miller}, Joseph B. and {Mitschang}, Arik W. and {Morgan}, Douglas L. and {Mossman}, Amy E. and {Nichols}, Joy S. and {Nowak}, Michael A. and {Plummer}, David A. and {Refsdal}, Brian L. and {Rots}, Arnold H. and {Siemiginowska}, Aneta and {Sundheim}, Beth A. and {Tibbetts}, Michael S. and {Van Stone}, David W. and {Winkelman}, Sherry L. and {Zografou}, Panagoula},
        title = "{The Chandra Source Catalog}",
      journal = {\apjs},
     keywords = {catalogs, X-rays: general, Astrophysics - High Energy Astrophysical Phenomena, Astrophysics - Instrumentation and Methods for Astrophysics},
         year = 2010,
        month = jul,
       volume = {189},
       number = {1},
        pages = {37-82},
          doi = {10.1088/0067-0049/189/1/37},
archivePrefix = {arXiv},
       eprint = {1005.4665},
 primaryClass = {astro-ph.HE},
       adsurl = {https://ui.adsabs.harvard.edu/abs/2010ApJS..189...37E},
      adsnote = {Provided by the SAO/NASA Astrophysics Data System}
}


@ARTICLE{HSCPDR3,
       author = {{Aihara}, Hiroaki and {AlSayyad}, Yusra and {Ando}, Makoto and {Armstrong}, Robert and {Bosch}, James and {Egami}, Eiichi and {Furusawa}, Hisanori and {Furusawa}, Junko and {Harasawa}, Sumiko and {Harikane}, Yuichi and {Hsieh}, Bau-Ching and {Ikeda}, Hiroyuki and {Ito}, Kei and {Iwata}, Ikuru and {Kodama}, Tadayuki and {Koike}, Michitaro and {Kokubo}, Mitsuru and {Komiyama}, Yutaka and {Li}, Xiangchong and {Liang}, Yongming and {Lin}, Yen-Ting and {Lupton}, Robert H. and {Lust}, Nate B. and {MacArthur}, Lauren A. and {Mawatari}, Ken and {Mineo}, Sogo and {Miyatake}, Hironao and {Miyazaki}, Satoshi and {More}, Surhud and {Morishima}, Takahiro and {Murayama}, Hitoshi and {Nakajima}, Kimihiko and {Nakata}, Fumiaki and {Nishizawa}, Atsushi J. and {Oguri}, Masamune and {Okabe}, Nobuhiro and {Okura}, Yuki and {Ono}, Yoshiaki and {Osato}, Ken and {Ouchi}, Masami and {Pan}, Yen-Chen and {Plazas Malag{\'o}n}, Andr{\'e}s A. and {Price}, Paul A. and {Reed}, Sophie L. and {Rykoff}, Eli S. and {Shibuya}, Takatoshi and {Simunovic}, Mirko and {Strauss}, Michael A. and {Sugimori}, Kanako and {Suto}, Yasushi and {Suzuki}, Nao and {Takada}, Masahiro and {Takagi}, Yuhei and {Takata}, Tadafumi and {Takita}, Satoshi and {Tanaka}, Masayuki and {Tang}, Shenli and {Taranu}, Dan S. and {Terai}, Tsuyoshi and {Toba}, Yoshiki and {Turner}, Edwin L. and {Uchiyama}, Hisakazu and {Vijarnwannaluk}, Bovornpratch and {Waters}, Christopher Z. and {Yamada}, Yoshihiko and {Yamamoto}, Naoaki and {Yamashita}, Takuji},
        title = "{Third data release of the Hyper Suprime-Cam Subaru Strategic Program}",
      journal = {\pasj},
     keywords = {astronomical databases: miscellaneous, cosmology: observations, galaxies: general, surveys, Astrophysics - Instrumentation and Methods for Astrophysics, Astrophysics - Cosmology and Nongalactic Astrophysics, Astrophysics - Astrophysics of Galaxies},
         year = 2022,
        month = apr,
       volume = {74},
       number = {2},
        pages = {247-272},
          doi = {10.1093/pasj/psab122},
archivePrefix = {arXiv},
       eprint = {2108.13045},
 primaryClass = {astro-ph.IM},
       adsurl = {https://ui.adsabs.harvard.edu/abs/2022PASJ...74..247A},
      adsnote = {Provided by the SAO/NASA Astrophysics Data System}
}



@ARTICLE{2023PASA...40....1H,
       author = {{Huertas-Company}, M. and {Lanusse}, F.},
        title = "{The Dawes Review 10: The impact of deep learning for the analysis of galaxy surveys}",
      journal = {\pasa},
     keywords = {methods: data analysis, cosmology: observations, cosmology: theory, galaxies: evolution, galaxies: formation, Astrophysics - Instrumentation and Methods for Astrophysics, Astrophysics - Cosmology and Nongalactic Astrophysics, Astrophysics - Astrophysics of Galaxies},
         year = 2023,
        month = jan,
       volume = {40},
          eid = {e001},
        pages = {e001},
          doi = {10.1017/pasa.2022.55},
archivePrefix = {arXiv},
       eprint = {2210.01813},
 primaryClass = {astro-ph.IM},
       adsurl = {https://ui.adsabs.harvard.edu/abs/2023PASA...40....1H},
      adsnote = {Provided by the SAO/NASA Astrophysics Data System}
}



@ARTICLE{DESILS,
       author = {{Dey}, Arjun and {Schlegel}, David J. and {Lang}, Dustin and {Blum}, Robert and {Burleigh}, Kaylan and {Fan}, Xiaohui and {Findlay}, Joseph R. and {Finkbeiner}, Doug and {Herrera}, David and {Juneau}, St{\'e}phanie and {Landriau}, Martin and {Levi}, Michael and {McGreer}, Ian and {Meisner}, Aaron and {Myers}, Adam D. and {Moustakas}, John and {Nugent}, Peter and {Patej}, Anna and {Schlafly}, Edward F. and {Walker}, Alistair R. and {Valdes}, Francisco and {Weaver}, Benjamin A. and {Y{\`e}che}, Christophe and {Zou}, Hu and {Zhou}, Xu and {Abareshi}, Behzad and {Abbott}, T.~M.~C. and {Abolfathi}, Bela and {Aguilera}, C. and {Alam}, Shadab and {Allen}, Lori and {Alvarez}, A. and {Annis}, James and {Ansarinejad}, Behzad and {Aubert}, Marie and {Beechert}, Jacqueline and {Bell}, Eric F. and {BenZvi}, Segev Y. and {Beutler}, Florian and {Bielby}, Richard M. and {Bolton}, Adam S. and {Brice{\~n}o}, C{\'e}sar and {Buckley-Geer}, Elizabeth J. and {Butler}, Karen and {Calamida}, Annalisa and {Carlberg}, Raymond G. and {Carter}, Paul and {Casas}, Ricard and {Castander}, Francisco J. and {Choi}, Yumi and {Comparat}, Johan and {Cukanovaite}, Elena and {Delubac}, Timoth{\'e}e and {DeVries}, Kaitlin and {Dey}, Sharmila and {Dhungana}, Govinda and {Dickinson}, Mark and {Ding}, Zhejie and {Donaldson}, John B. and {Duan}, Yutong and {Duckworth}, Christopher J. and {Eftekharzadeh}, Sarah and {Eisenstein}, Daniel J. and {Etourneau}, Thomas and {Fagrelius}, Parker A. and {Farihi}, Jay and {Fitzpatrick}, Mike and {Font-Ribera}, Andreu and {Fulmer}, Leah and {G{\"a}nsicke}, Boris T. and {Gaztanaga}, Enrique and {George}, Koshy and {Gerdes}, David W. and {Gontcho}, Satya Gontcho A. and {Gorgoni}, Claudio and {Green}, Gregory and {Guy}, Julien and {Harmer}, Diane and {Hernandez}, M. and {Honscheid}, Klaus and {Huang}, Lijuan Wendy and {James}, David J. and {Jannuzi}, Buell T. and {Jiang}, Linhua and {Joyce}, Richard and {Karcher}, Armin and {Karkar}, Sonia and {Kehoe}, Robert and {Kneib}, Jean-Paul and {Kueter-Young}, Andrea and {Lan}, Ting-Wen and {Lauer}, Tod R. and {Le Guillou}, Laurent and {Le Van Suu}, Auguste and {Lee}, Jae Hyeon and {Lesser}, Michael and {Perreault Levasseur}, Laurence and {Li}, Ting S. and {Mann}, Justin L. and {Marshall}, Robert and {Mart{\'\i}nez-V{\'a}zquez}, C.~E. and {Martini}, Paul and {du Mas des Bourboux}, H{\'e}lion and {McManus}, Sean and {Meier}, Tobias Gabriel and {M{\'e}nard}, Brice and {Metcalfe}, Nigel and {Mu{\~n}oz-Guti{\'e}rrez}, Andrea and {Najita}, Joan and {Napier}, Kevin and {Narayan}, Gautham and {Newman}, Jeffrey A. and {Nie}, Jundan and {Nord}, Brian and {Norman}, Dara J. and {Olsen}, Knut A.~G. and {Paat}, Anthony and {Palanque-Delabrouille}, Nathalie and {Peng}, Xiyan and {Poppett}, Claire L. and {Poremba}, Megan R. and {Prakash}, Abhishek and {Rabinowitz}, David and {Raichoor}, Anand and {Rezaie}, Mehdi and {Robertson}, A.~N. and {Roe}, Natalie A. and {Ross}, Ashley J. and {Ross}, Nicholas P. and {Rudnick}, Gregory and {Safonova}, Sasha and {Saha}, Abhijit and {S{\'a}nchez}, F. Javier and {Savary}, Elodie and {Schweiker}, Heidi and {Scott}, Adam and {Seo}, Hee-Jong and {Shan}, Huanyuan and {Silva}, David R. and {Slepian}, Zachary and {Soto}, Christian and {Sprayberry}, David and {Staten}, Ryan and {Stillman}, Coley M. and {Stupak}, Robert J. and {Summers}, David L. and {Sien Tie}, Suk and {Tirado}, H. and {Vargas-Maga{\~n}a}, Mariana and {Vivas}, A. Katherina and {Wechsler}, Risa H. and {Williams}, Doug and {Yang}, Jinyi and {Yang}, Qian and {Yapici}, Tolga and {Zaritsky}, Dennis and {Zenteno}, A. and {Zhang}, Kai and {Zhang}, Tianmeng and {Zhou}, Rongpu and {Zhou}, Zhimin},
        title = "{Overview of the DESI Legacy Imaging Surveys}",
      journal = {\aj},
     keywords = {catalogs, surveys, Astrophysics - Instrumentation and Methods for Astrophysics},
         year = 2019,
        month = may,
       volume = {157},
       number = {5},
          eid = {168},
        pages = {168},
          doi = {10.3847/1538-3881/ab089d},
archivePrefix = {arXiv},
       eprint = {1804.08657},
 primaryClass = {astro-ph.IM},
       adsurl = {https://ui.adsabs.harvard.edu/abs/2019AJ....157..168D},
      adsnote = {Provided by the SAO/NASA Astrophysics Data System}
}


@ARTICLE{Foundation,
       author = {{Jones}, D.~O. and {Scolnic}, D.~M. and {Foley}, R.~J. and {Rest}, A. and {Kessler}, R. and {Challis}, P.~M. and {Chambers}, K.~C. and {Coulter}, D.~A. and {Dettman}, K.~G. and {Foley}, M.~M. and {Huber}, M.~E. and {Jha}, S.~W. and {Johnson}, E. and {Kilpatrick}, C.~D. and {Kirshner}, R.~P. and {Manuel}, J. and {Narayan}, G. and {Pan}, Y. -C. and {Riess}, A.~G. and {Schultz}, A.~S.~B. and {Siebert}, M.~R. and {Berger}, E. and {Chornock}, R. and {Flewelling}, H. and {Magnier}, E.~A. and {Smartt}, S.~J. and {Smith}, K.~W. and {Wainscoat}, R.~J. and {Waters}, C. and {Willman}, M.},
        title = "{The Foundation Supernova Survey: Measuring Cosmological Parameters with Supernovae from a Single Telescope}",
      journal = {\apj},
     keywords = {cosmology: observations, dark energy, supernovae: general, Astrophysics - Cosmology and Nongalactic Astrophysics},
         year = 2019,
        month = aug,
       volume = {881},
       number = {1},
          eid = {19},
        pages = {19},
          doi = {10.3847/1538-4357/ab2bec},
archivePrefix = {arXiv},
       eprint = {1811.09286},
 primaryClass = {astro-ph.CO},
       adsurl = {https://ui.adsabs.harvard.edu/abs/2019ApJ...881...19J},
      adsnote = {Provided by the SAO/NASA Astrophysics Data System}
}


@ARTICLE{PS1,
       author = {{Scolnic}, D.~M. and {Jones}, D.~O. and {Rest}, A. and {Pan}, Y.~C. and {Chornock}, R. and {Foley}, R.~J. and {Huber}, M.~E. and {Kessler}, R. and {Narayan}, G. and {Riess}, A.~G. and {Rodney}, S. and {Berger}, E. and {Brout}, D.~J. and {Challis}, P.~J. and {Drout}, M. and {Finkbeiner}, D. and {Lunnan}, R. and {Kirshner}, R.~P. and {Sanders}, N.~E. and {Schlafly}, E. and {Smartt}, S. and {Stubbs}, C.~W. and {Tonry}, J. and {Wood-Vasey}, W.~M. and {Foley}, M. and {Hand}, J. and {Johnson}, E. and {Burgett}, W.~S. and {Chambers}, K.~C. and {Draper}, P.~W. and {Hodapp}, K.~W. and {Kaiser}, N. and {Kudritzki}, R.~P. and {Magnier}, E.~A. and {Metcalfe}, N. and {Bresolin}, F. and {Gall}, E. and {Kotak}, R. and {McCrum}, M. and {Smith}, K.~W.},
        title = "{The Complete Light-curve Sample of Spectroscopically Confirmed SNe Ia from Pan-STARRS1 and Cosmological Constraints from the Combined Pantheon Sample}",
      journal = {\apj},
     keywords = {cosmology: observations, dark energy, supernovae: general, Astrophysics - Cosmology and Nongalactic Astrophysics},
         year = 2018,
        month = jun,
       volume = {859},
       number = {2},
          eid = {101},
        pages = {101},
          doi = {10.3847/1538-4357/aab9bb},
archivePrefix = {arXiv},
       eprint = {1710.00845},
 primaryClass = {astro-ph.CO},
       adsurl = {https://ui.adsabs.harvard.edu/abs/2018ApJ...859..101S},
      adsnote = {Provided by the SAO/NASA Astrophysics Data System}
}


@ARTICLE{Sousa,
       author = {{Brown}, Peter J. and {Breeveld}, Alice A. and {Holland}, Stephen and {Kuin}, Paul and {Pritchard}, Tyler},
        title = "{SOUSA: the Swift Optical/Ultraviolet Supernova Archive}",
      journal = {\apss},
     keywords = {Supernovae, Ultraviolet, Astrophysics - High Energy Astrophysical Phenomena, Astrophysics - Cosmology and Nongalactic Astrophysics},
         year = 2014,
        month = nov,
       volume = {354},
       number = {1},
        pages = {89-96},
          doi = {10.1007/s10509-014-2059-8},
archivePrefix = {arXiv},
       eprint = {1407.3808},
 primaryClass = {astro-ph.HE},
       adsurl = {https://ui.adsabs.harvard.edu/abs/2014Ap&SS.354...89B},
      adsnote = {Provided by the SAO/NASA Astrophysics Data System}
}

@ARTICLE{SNLS,
       author = {{Guy}, J. and {Sullivan}, M. and {Conley}, A. and {Regnault}, N. and {Astier}, P. and {Balland}, C. and {Basa}, S. and {Carlberg}, R.~G. and {Fouchez}, D. and {Hardin}, D. and {Hook}, I.~M. and {Howell}, D.~A. and {Pain}, R. and {Palanque-Delabrouille}, N. and {Perrett}, K.~M. and {Pritchet}, C.~J. and {Rich}, J. and {Ruhlmann-Kleider}, V. and {Balam}, D. and {Baumont}, S. and {Ellis}, R.~S. and {Fabbro}, S. and {Fakhouri}, H.~K. and {Fourmanoit}, N. and {Gonz{\'a}lez-Gait{\'a}n}, S. and {Graham}, M.~L. and {Hsiao}, E. and {Kronborg}, T. and {Lidman}, C. and {Mourao}, A.~M. and {Perlmutter}, S. and {Ripoche}, P. and {Suzuki}, N. and {Walker}, E.~S.},
        title = "{The Supernova Legacy Survey 3-year sample: Type Ia supernovae photometric distances and cosmological constraints}",
      journal = {\aap},
     keywords = {supernovae: general, cosmology: observations, Astrophysics - Cosmology and Nongalactic Astrophysics},
         year = 2010,
        month = nov,
       volume = {523},
          eid = {A7},
        pages = {A7},
          doi = {10.1051/0004-6361/201014468},
archivePrefix = {arXiv},
       eprint = {1010.4743},
 primaryClass = {astro-ph.CO},
       adsurl = {https://ui.adsabs.harvard.edu/abs/2010A&A...523A...7G},
      adsnote = {Provided by the SAO/NASA Astrophysics Data System}
}


@ARTICLE{DESY3SN,
       author = {{Brout}, D. and {Sako}, M. and {Scolnic}, D. and {Kessler}, R. and {D'Andrea}, C.~B. and {Davis}, T.~M. and {Hinton}, S.~R. and {Kim}, A.~G. and {Lasker}, J. and {Macaulay}, E. and {M{\"o}ller}, A. and {Nichol}, R.~C. and {Smith}, M. and {Sullivan}, M. and {Wolf}, R.~C. and {Allam}, S. and {Bassett}, B.~A. and {Brown}, P. and {Castander}, F.~J. and {Childress}, M. and {Foley}, R.~J. and {Galbany}, L. and {Herner}, K. and {Kasai}, E. and {March}, M. and {Morganson}, E. and {Nugent}, P. and {Pan}, Y. -C. and {Thomas}, R.~C. and {Tucker}, B.~E. and {Wester}, W. and {Abbott}, T.~M.~C. and {Annis}, J. and {Avila}, S. and {Bertin}, E. and {Brooks}, D. and {Burke}, D.~L. and {Carnero Rosell}, A. and {Carrasco Kind}, M. and {Carretero}, J. and {Crocce}, M. and {Cunha}, C.~E. and {da Costa}, L.~N. and {Davis}, C. and {De Vicente}, J. and {Desai}, S. and {Diehl}, H.~T. and {Doel}, P. and {Eifler}, T.~F. and {Flaugher}, B. and {Fosalba}, P. and {Frieman}, J. and {Garc{\'\i}a-Bellido}, J. and {Gaztanaga}, E. and {Gerdes}, D.~W. and {Goldstein}, D.~A. and {Gruen}, D. and {Gruendl}, R.~A. and {Gschwend}, J. and {Gutierrez}, G. and {Hartley}, W.~G. and {Hollowood}, D.~L. and {Honscheid}, K. and {James}, D.~J. and {Kuehn}, K. and {Kuropatkin}, N. and {Lahav}, O. and {Li}, T.~S. and {Lima}, M. and {Marshall}, J.~L. and {Martini}, P. and {Miquel}, R. and {Nord}, B. and {Plazas}, A.~A. and {Roodman}, A. and {Rykoff}, E.~S. and {Sanchez}, E. and {Scarpine}, V. and {Schindler}, R. and {Schubnell}, M. and {Serrano}, S. and {Sevilla-Noarbe}, I. and {Soares-Santos}, M. and {Sobreira}, F. and {Suchyta}, E. and {Swanson}, M.~E.~C. and {Tarle}, G. and {Thomas}, D. and {Tucker}, D.~L. and {Walker}, A.~R. and {Yanny}, B. and {Zhang}, Y. and {DES COLLABORATION}},
        title = "{First Cosmology Results Using Type Ia Supernovae from the Dark Energy Survey: Photometric Pipeline and Light-curve Data Release}",
      journal = {\apj},
     keywords = {cosmology: observations, supernovae: general, techniques: photometric, Astrophysics - Instrumentation and Methods for Astrophysics},
         year = 2019,
        month = mar,
       volume = {874},
       number = {1},
          eid = {106},
        pages = {106},
          doi = {10.3847/1538-4357/ab06c1},
archivePrefix = {arXiv},
       eprint = {1811.02378},
 primaryClass = {astro-ph.IM},
       adsurl = {https://ui.adsabs.harvard.edu/abs/2019ApJ...874..106B},
      adsnote = {Provided by the SAO/NASA Astrophysics Data System}
}



@ARTICLE{2015ApJS..219...12A,
       author = {{Alam}, Shadab and {Albareti}, Franco D. and {Allende Prieto}, Carlos and {Anders}, F. and {Anderson}, Scott F. and {Anderton}, Timothy and {Andrews}, Brett H. and {Armengaud}, Eric and {Aubourg}, {\'E}ric and {Bailey}, Stephen and {Basu}, Sarbani and {Bautista}, Julian E. and {Beaton}, Rachael L. and {Beers}, Timothy C. and {Bender}, Chad F. and {Berlind}, Andreas A. and {Beutler}, Florian and {Bhardwaj}, Vaishali and {Bird}, Jonathan C. and {Bizyaev}, Dmitry and {Blake}, Cullen H. and {Blanton}, Michael R. and {Blomqvist}, Michael and {Bochanski}, John J. and {Bolton}, Adam S. and {Bovy}, Jo and {Shelden Bradley}, A. and {Brandt}, W.~N. and {Brauer}, D.~E. and {Brinkmann}, J. and {Brown}, Peter J. and {Brownstein}, Joel R. and {Burden}, Angela and {Burtin}, Etienne and {Busca}, Nicol{\'a}s G. and {Cai}, Zheng and {Capozzi}, Diego and {Carnero Rosell}, Aurelio and {Carr}, Michael A. and {Carrera}, Ricardo and {Chambers}, K.~C. and {Chaplin}, William James and {Chen}, Yen-Chi and {Chiappini}, Cristina and {Chojnowski}, S. Drew and {Chuang}, Chia-Hsun and {Clerc}, Nicolas and {Comparat}, Johan and {Covey}, Kevin and {Croft}, Rupert A.~C. and {Cuesta}, Antonio J. and {Cunha}, Katia and {da Costa}, Luiz N. and {Da Rio}, Nicola and {Davenport}, James R.~A. and {Dawson}, Kyle S. and {De Lee}, Nathan and {Delubac}, Timoth{\'e}e and {Deshpande}, Rohit and {Dhital}, Saurav and {Dutra-Ferreira}, Let{\'\i}cia and {Dwelly}, Tom and {Ealet}, Anne and {Ebelke}, Garrett L. and {Edmondson}, Edward M. and {Eisenstein}, Daniel J. and {Ellsworth}, Tristan and {Elsworth}, Yvonne and {Epstein}, Courtney R. and {Eracleous}, Michael and {Escoffier}, Stephanie and {Esposito}, Massimiliano and {Evans}, Michael L. and {Fan}, Xiaohui and {Fern{\'a}ndez-Alvar}, Emma and {Feuillet}, Diane and {Filiz Ak}, Nurten and {Finley}, Hayley and {Finoguenov}, Alexis and {Flaherty}, Kevin and {Fleming}, Scott W. and {Font-Ribera}, Andreu and {Foster}, Jonathan and {Frinchaboy}, Peter M. and {Galbraith-Frew}, J.~G. and {Garc{\'\i}a}, Rafael A. and {Garc{\'\i}a-Hern{\'a}ndez}, D.~A. and {Garc{\'\i}a P{\'e}rez}, Ana E. and {Gaulme}, Patrick and {Ge}, Jian and {G{\'e}nova-Santos}, R. and {Georgakakis}, A. and {Ghezzi}, Luan and {Gillespie}, Bruce A. and {Girardi}, L{\'e}o and {Goddard}, Daniel and {Gontcho}, Satya Gontcho A. and {Gonz{\'a}lez Hern{\'a}ndez}, Jonay I. and {Grebel}, Eva K. and {Green}, Paul J. and {Grieb}, Jan Niklas and {Grieves}, Nolan and {Gunn}, James E. and {Guo}, Hong and {Harding}, Paul and {Hasselquist}, Sten and {Hawley}, Suzanne L. and {Hayden}, Michael and {Hearty}, Fred R. and {Hekker}, Saskia and {Ho}, Shirley and {Hogg}, David W. and {Holley-Bockelmann}, Kelly and {Holtzman}, Jon A. and {Honscheid}, Klaus and {Huber}, Daniel and {Huehnerhoff}, Joseph and {Ivans}, Inese I. and {Jiang}, Linhua and {Johnson}, Jennifer A. and {Kinemuchi}, Karen and {Kirkby}, David and {Kitaura}, Francisco and {Klaene}, Mark A. and {Knapp}, Gillian R. and {Kneib}, Jean-Paul and {Koenig}, Xavier P. and {Lam}, Charles R. and {Lan}, Ting-Wen and {Lang}, Dustin and {Laurent}, Pierre and {Le Goff}, Jean-Marc and {Leauthaud}, Alexie and {Lee}, Khee-Gan and {Lee}, Young Sun and {Licquia}, Timothy C. and {Liu}, Jian and {Long}, Daniel C. and {L{\'o}pez-Corredoira}, Mart{\'\i}n and {Lorenzo-Oliveira}, Diego and {Lucatello}, Sara and {Lundgren}, Britt and {Lupton}, Robert H. and {Mack}, Claude E., III and {Mahadevan}, Suvrath and {Maia}, Marcio A.~G. and {Majewski}, Steven R. and {Malanushenko}, Elena and {Malanushenko}, Viktor and {Manchado}, A. and {Manera}, Marc and {Mao}, Qingqing and {Maraston}, Claudia and {Marchwinski}, Robert C. and {Margala}, Daniel and {Martell}, Sarah L. and {Martig}, Marie and {Masters}, Karen L. and {Mathur}, Savita and {McBride}, Cameron K. and {McGehee}, Peregrine M. and {McGreer}, Ian D. and {McMahon}, Richard G. and {M{\'e}nard}, Brice and {Menzel}, Marie-Luise and {Merloni}, Andrea and {M{\'e}sz{\'a}ros}, Szabolcs and {Miller}, Adam A. and {Miralda-Escud{\'e}}, Jordi and {Miyatake}, Hironao and {Montero-Dorta}, Antonio D. and {More}, Surhud and {Morganson}, Eric and {Morice-Atkinson}, Xan and {Morrison}, Heather L. and {Mosser}, Ben{\^o}it and {Muna}, Demitri and {Myers}, Adam D. and {Nandra}, Kirpal and {Newman}, Jeffrey A. and {Neyrinck}, Mark and {Nguyen}, Duy Cuong and {Nichol}, Robert C. and {Nidever}, David L. and {Noterdaeme}, Pasquier and {Nuza}, Sebasti{\'a}n E. and {O'Connell}, Julia E. and {O'Connell}, Robert W. and {O'Connell}, Ross and {Ogando}, Ricardo L.~C. and {Olmstead}, Matthew D. and {Oravetz}, Audrey E. and {Oravetz}, Daniel J. and {Osumi}, Keisuke and {Owen}, Russell and {Padgett}, Deborah L. and {Padmanabhan}, Nikhil and {Paegert}, Martin and {Palanque-Delabrouille}, Nathalie and {Pan}, Kaike and {Parejko}, John K. and {P{\^a}ris}, Isabelle and {Park}, Changbom and {Pattarakijwanich}, Petchara and {Pellejero-Ibanez}, M. and {Pepper}, Joshua and {Percival}, Will J. and {P{\'e}rez-Fournon}, Ismael and {P{\'e}rez-R{\`a}fols}, Ignasi and {Petitjean}, Patrick and {Pieri}, Matthew M. and {Pinsonneault}, Marc H. and {Porto de Mello}, Gustavo F. and {Prada}, Francisco and {Prakash}, Abhishek and {Price-Whelan}, Adrian M. and {Protopapas}, Pavlos and {Raddick}, M. Jordan and {Rahman}, Mubdi and {Reid}, Beth A. and {Rich}, James and {Rix}, Hans-Walter and {Robin}, Annie C. and {Rockosi}, Constance M. and {Rodrigues}, Tha{\'\i}se S. and {Rodr{\'\i}guez-Torres}, Sergio and {Roe}, Natalie A. and {Ross}, Ashley J. and {Ross}, Nicholas P. and {Rossi}, Graziano and {Ruan}, John J. and {Rubi{\~n}o-Mart{\'\i}n}, J.~A. and {Rykoff}, Eli S. and {Salazar-Albornoz}, Salvador and {Salvato}, Mara and {Samushia}, Lado and {S{\'a}nchez}, Ariel G. and {Santiago}, Bas{\'\i}lio and {Sayres}, Conor and {Schiavon}, Ricardo P. and {Schlegel}, David J. and {Schmidt}, Sarah J. and {Schneider}, Donald P. and {Schultheis}, Mathias and {Schwope}, Axel D. and {Sc{\'o}ccola}, C.~G. and {Scott}, Caroline and {Sellgren}, Kris and {Seo}, Hee-Jong and {Serenelli}, Aldo and {Shane}, Neville and {Shen}, Yue and {Shetrone}, Matthew and {Shu}, Yiping and {Silva Aguirre}, V. and {Sivarani}, Thirupathi and {Skrutskie}, M.~F. and {Slosar}, An{\v{z}}e and {Smith}, Verne V. and {Sobreira}, Fl{\'a}via and {Souto}, Diogo and {Stassun}, Keivan G. and {Steinmetz}, Matthias and {Stello}, Dennis and {Strauss}, Michael A. and {Streblyanska}, Alina and {Suzuki}, Nao and {Swanson}, Molly E.~C. and {Tan}, Jonathan C. and {Tayar}, Jamie and {Terrien}, Ryan C. and {Thakar}, Aniruddha R. and {Thomas}, Daniel and {Thomas}, Neil and {Thompson}, Benjamin A. and {Tinker}, Jeremy L. and {Tojeiro}, Rita and {Troup}, Nicholas W. and {Vargas-Maga{\~n}a}, Mariana and {Vazquez}, Jose A. and {Verde}, Licia and {Viel}, Matteo and {Vogt}, Nicole P. and {Wake}, David A. and {Wang}, Ji and {Weaver}, Benjamin A. and {Weinberg}, David H. and {Weiner}, Benjamin J. and {White}, Martin and {Wilson}, John C. and {Wisniewski}, John P. and {Wood-Vasey}, W.~M. and {Ye`che}, Christophe and {York}, Donald G. and {Zakamska}, Nadia L. and {Zamora}, O. and {Zasowski}, Gail and {Zehavi}, Idit and {Zhao}, Gong-Bo and {Zheng}, Zheng and {Zhou}, Xu and {Zhou}, Zhimin and {Zou}, Hu and {Zhu}, Guangtun},
        title = "{The Eleventh and Twelfth Data Releases of the Sloan Digital Sky Survey: Final Data from SDSS-III}",
      journal = {\apjs},
     keywords = {atlases, catalogs, surveys, Astrophysics - Instrumentation and Methods for Astrophysics, Astrophysics - Astrophysics of Galaxies, Astrophysics - Solar and Stellar Astrophysics},
         year = 2015,
        month = jul,
       volume = {219},
       number = {1},
          eid = {12},
        pages = {12},
          doi = {10.1088/0067-0049/219/1/12},
archivePrefix = {arXiv},
       eprint = {1501.00963},
 primaryClass = {astro-ph.IM},
       adsurl = {https://ui.adsabs.harvard.edu/abs/2015ApJS..219...12A},
      adsnote = {Provided by the SAO/NASA Astrophysics Data System}
}



@ARTICLE{2023AA...674A...1G,
       author = {{Gaia Collaboration} and {Vallenari}, A. and {Brown}, A.~G.~A. and {Prusti}, T. and {de Bruijne}, J.~H.~J. and {Arenou}, F. and {Babusiaux}, C. and {Biermann}, M. and {Creevey}, O.~L. and {Ducourant}, C. and {Evans}, D.~W. and {Eyer}, L. and {Guerra}, R. and {Hutton}, A. and {Jordi}, C. and {Klioner}, S.~A. and {Lammers}, U.~L. and {Lindegren}, L. and {Luri}, X. and {Mignard}, F. and {Panem}, C. and {Pourbaix}, D. and {Randich}, S. and {Sartoretti}, P. and {Soubiran}, C. and {Tanga}, P. and {Walton}, N.~A. and {Bailer-Jones}, C.~A.~L. and {Bastian}, U. and {Drimmel}, R. and {Jansen}, F. and {Katz}, D. and {Lattanzi}, M.~G. and {van Leeuwen}, F. and {Bakker}, J. and {Cacciari}, C. and {Casta{\~n}eda}, J. and {De Angeli}, F. and {Fabricius}, C. and {Fouesneau}, M. and {Fr{\'e}mat}, Y. and {Galluccio}, L. and {Guerrier}, A. and {Heiter}, U. and {Masana}, E. and {Messineo}, R. and {Mowlavi}, N. and {Nicolas}, C. and {Nienartowicz}, K. and {Pailler}, F. and {Panuzzo}, P. and {Riclet}, F. and {Roux}, W. and {Seabroke}, G.~M. and {Sordo}, R. and {Th{\'e}venin}, F. and {Gracia-Abril}, G. and {Portell}, J. and {Teyssier}, D. and {Altmann}, M. and {Andrae}, R. and {Audard}, M. and {Bellas-Velidis}, I. and {Benson}, K. and {Berthier}, J. and {Blomme}, R. and {Burgess}, P.~W. and {Busonero}, D. and {Busso}, G. and {C{\'a}novas}, H. and {Carry}, B. and {Cellino}, A. and {Cheek}, N. and {Clementini}, G. and {Damerdji}, Y. and {Davidson}, M. and {de Teodoro}, P. and {Nu{\~n}ez Campos}, M. and {Delchambre}, L. and {Dell'Oro}, A. and {Esquej}, P. and {Fern{\'a}ndez-Hern{\'a}ndez}, J. and {Fraile}, E. and {Garabato}, D. and {Garc{\'\i}a-Lario}, P. and {Gosset}, E. and {Haigron}, R. and {Halbwachs}, J. -L. and {Hambly}, N.~C. and {Harrison}, D.~L. and {Hern{\'a}ndez}, J. and {Hestroffer}, D. and {Hodgkin}, S.~T. and {Holl}, B. and {Jan{\ss}en}, K. and {Jevardat de Fombelle}, G. and {Jordan}, S. and {Krone-Martins}, A. and {Lanzafame}, A.~C. and {L{\"o}ffler}, W. and {Marchal}, O. and {Marrese}, P.~M. and {Moitinho}, A. and {Muinonen}, K. and {Osborne}, P. and {Pancino}, E. and {Pauwels}, T. and {Recio-Blanco}, A. and {Reyl{\'e}}, C. and {Riello}, M. and {Rimoldini}, L. and {Roegiers}, T. and {Rybizki}, J. and {Sarro}, L.~M. and {Siopis}, C. and {Smith}, M. and {Sozzetti}, A. and {Utrilla}, E. and {van Leeuwen}, M. and {Abbas}, U. and {{\'A}brah{\'a}m}, P. and {Abreu Aramburu}, A. and {Aerts}, C. and {Aguado}, J.~J. and {Ajaj}, M. and {Aldea-Montero}, F. and {Altavilla}, G. and {{\'A}lvarez}, M.~A. and {Alves}, J. and {Anders}, F. and {Anderson}, R.~I. and {Anglada Varela}, E. and {Antoja}, T. and {Baines}, D. and {Baker}, S.~G. and {Balaguer-N{\'u}{\~n}ez}, L. and {Balbinot}, E. and {Balog}, Z. and {Barache}, C. and {Barbato}, D. and {Barros}, M. and {Barstow}, M.~A. and {Bartolom{\'e}}, S. and {Bassilana}, J. -L. and {Bauchet}, N. and {Becciani}, U. and {Bellazzini}, M. and {Berihuete}, A. and {Bernet}, M. and {Bertone}, S. and {Bianchi}, L. and {Binnenfeld}, A. and {Blanco-Cuaresma}, S. and {Blazere}, A. and {Boch}, T. and {Bombrun}, A. and {Bossini}, D. and {Bouquillon}, S. and {Bragaglia}, A. and {Bramante}, L. and {Breedt}, E. and {Bressan}, A. and {Brouillet}, N. and {Brugaletta}, E. and {Bucciarelli}, B. and {Burlacu}, A. and {Butkevich}, A.~G. and {Buzzi}, R. and {Caffau}, E. and {Cancelliere}, R. and {Cantat-Gaudin}, T. and {Carballo}, R. and {Carlucci}, T. and {Carnerero}, M.~I. and {Carrasco}, J.~M. and {Casamiquela}, L. and {Castellani}, M. and {Castro-Ginard}, A. and {Chaoul}, L. and {Charlot}, P. and {Chemin}, L. and {Chiaramida}, V. and {Chiavassa}, A. and {Chornay}, N. and {Comoretto}, G. and {Contursi}, G. and {Cooper}, W.~J. and {Cornez}, T. and {Cowell}, S. and {Crifo}, F. and {Cropper}, M. and {Crosta}, M. and {Crowley}, C. and {Dafonte}, C. and {Dapergolas}, A. and {David}, M. and {David}, P. and {de Laverny}, P. and {De Luise}, F. and {De March}, R. and {De Ridder}, J. and {de Souza}, R. and {de Torres}, A. and {del Peloso}, E.~F. and {del Pozo}, E. and {Delbo}, M. and {Delgado}, A. and {Delisle}, J. -B. and {Demouchy}, C. and {Dharmawardena}, T.~E. and {Di Matteo}, P. and {Diakite}, S. and {Diener}, C. and {Distefano}, E. and {Dolding}, C. and {Edvardsson}, B. and {Enke}, H. and {Fabre}, C. and {Fabrizio}, M. and {Faigler}, S. and {Fedorets}, G. and {Fernique}, P. and {Fienga}, A. and {Figueras}, F. and {Fournier}, Y. and {Fouron}, C. and {Fragkoudi}, F. and {Gai}, M. and {Garcia-Gutierrez}, A. and {Garcia-Reinaldos}, M. and {Garc{\'\i}a-Torres}, M. and {Garofalo}, A. and {Gavel}, A. and {Gavras}, P. and {Gerlach}, E. and {Geyer}, R. and {Giacobbe}, P. and {Gilmore}, G. and {Girona}, S. and {Giuffrida}, G. and {Gomel}, R. and {Gomez}, A. and {Gonz{\'a}lez-N{\'u}{\~n}ez}, J. and {Gonz{\'a}lez-Santamar{\'\i}a}, I. and {Gonz{\'a}lez-Vidal}, J.~J. and {Granvik}, M. and {Guillout}, P. and {Guiraud}, J. and {Guti{\'e}rrez-S{\'a}nchez}, R. and {Guy}, L.~P. and {Hatzidimitriou}, D. and {Hauser}, M. and {Haywood}, M. and {Helmer}, A. and {Helmi}, A. and {Sarmiento}, M.~H. and {Hidalgo}, S.~L. and {Hilger}, T. and {H{\l}adczuk}, N. and {Hobbs}, D. and {Holland}, G. and {Huckle}, H.~E. and {Jardine}, K. and {Jasniewicz}, G. and {Jean-Antoine Piccolo}, A. and {Jim{\'e}nez-Arranz}, {\'O}. and {Jorissen}, A. and {Juaristi Campillo}, J. and {Julbe}, F. and {Karbevska}, L. and {Kervella}, P. and {Khanna}, S. and {Kontizas}, M. and {Kordopatis}, G. and {Korn}, A.~J. and {K{\'o}sp{\'a}l}, {\'A}. and {Kostrzewa-Rutkowska}, Z. and {Kruszy{\'n}ska}, K. and {Kun}, M. and {Laizeau}, P. and {Lambert}, S. and {Lanza}, A.~F. and {Lasne}, Y. and {Le Campion}, J. -F. and {Lebreton}, Y. and {Lebzelter}, T. and {Leccia}, S. and {Leclerc}, N. and {Lecoeur-Taibi}, I. and {Liao}, S. and {Licata}, E.~L. and {Lindstr{\o}m}, H.~E.~P. and {Lister}, T.~A. and {Livanou}, E. and {Lobel}, A. and {Lorca}, A. and {Loup}, C. and {Madrero Pardo}, P. and {Magdaleno Romeo}, A. and {Managau}, S. and {Mann}, R.~G. and {Manteiga}, M. and {Marchant}, J.~M. and {Marconi}, M. and {Marcos}, J. and {Marcos Santos}, M.~M.~S. and {Mar{\'\i}n Pina}, D. and {Marinoni}, S. and {Marocco}, F. and {Marshall}, D.~J. and {Martin Polo}, L. and {Mart{\'\i}n-Fleitas}, J.~M. and {Marton}, G. and {Mary}, N. and {Masip}, A. and {Massari}, D. and {Mastrobuono-Battisti}, A. and {Mazeh}, T. and {McMillan}, P.~J. and {Messina}, S. and {Michalik}, D. and {Millar}, N.~R. and {Mints}, A. and {Molina}, D. and {Molinaro}, R. and {Moln{\'a}r}, L. and {Monari}, G. and {Mongui{\'o}}, M. and {Montegriffo}, P. and {Montero}, A. and {Mor}, R. and {Mora}, A. and {Morbidelli}, R. and {Morel}, T. and {Morris}, D. and {Muraveva}, T. and {Murphy}, C.~P. and {Musella}, I. and {Nagy}, Z. and {Noval}, L. and {Oca{\~n}a}, F. and {Ogden}, A. and {Ordenovic}, C. and {Osinde}, J.~O. and {Pagani}, C. and {Pagano}, I. and {Palaversa}, L. and {Palicio}, P.~A. and {Pallas-Quintela}, L. and {Panahi}, A. and {Payne-Wardenaar}, S. and {Pe{\~n}alosa Esteller}, X. and {Penttil{\"a}}, A. and {Pichon}, B. and {Piersimoni}, A.~M. and {Pineau}, F. -X. and {Plachy}, E. and {Plum}, G. and {Poggio}, E. and {Pr{\v{s}}a}, A. and {Pulone}, L. and {Racero}, E. and {Ragaini}, S. and {Rainer}, M. and {Raiteri}, C.~M. and {Rambaux}, N. and {Ramos}, P. and {Ramos-Lerate}, M. and {Re Fiorentin}, P. and {Regibo}, S. and {Richards}, P.~J. and {Rios Diaz}, C. and {Ripepi}, V. and {Riva}, A. and {Rix}, H. -W. and {Rixon}, G. and {Robichon}, N. and {Robin}, A.~C. and {Robin}, C. and {Roelens}, M. and {Rogues}, H.~R.~O. and {Rohrbasser}, L. and {Romero-G{\'o}mez}, M. and {Rowell}, N. and {Royer}, F. and {Ruz Mieres}, D. and {Rybicki}, K.~A. and {Sadowski}, G. and {S{\'a}ez N{\'u}{\~n}ez}, A. and {Sagrist{\`a} Sell{\'e}s}, A. and {Sahlmann}, J. and {Salguero}, E. and {Samaras}, N. and {Sanchez Gimenez}, V. and {Sanna}, N. and {Santove{\~n}a}, R. and {Sarasso}, M. and {Schultheis}, M. and {Sciacca}, E. and {Segol}, M. and {Segovia}, J.~C. and {S{\'e}gransan}, D. and {Semeux}, D. and {Shahaf}, S. and {Siddiqui}, H.~I. and {Siebert}, A. and {Siltala}, L. and {Silvelo}, A. and {Slezak}, E. and {Slezak}, I. and {Smart}, R.~L. and {Snaith}, O.~N. and {Solano}, E. and {Solitro}, F. and {Souami}, D. and {Souchay}, J. and {Spagna}, A. and {Spina}, L. and {Spoto}, F. and {Steele}, I.~A. and {Steidelm{\"u}ller}, H. and {Stephenson}, C.~A. and {S{\"u}veges}, M. and {Surdej}, J. and {Szabados}, L. and {Szegedi-Elek}, E. and {Taris}, F. and {Taylor}, M.~B. and {Teixeira}, R. and {Tolomei}, L. and {Tonello}, N. and {Torra}, F. and {Torra}, J. and {Torralba Elipe}, G. and {Trabucchi}, M. and {Tsounis}, A.~T. and {Turon}, C. and {Ulla}, A. and {Unger}, N. and {Vaillant}, M.~V. and {van Dillen}, E. and {van Reeven}, W. and {Vanel}, O. and {Vecchiato}, A. and {Viala}, Y. and {Vicente}, D. and {Voutsinas}, S. and {Weiler}, M. and {Wevers}, T. and {Wyrzykowski}, {\L}. and {Yoldas}, A. and {Yvard}, P. and {Zhao}, H. and {Zorec}, J. and {Zucker}, S. and {Zwitter}, T.},
        title = "{Gaia Data Release 3. Summary of the content and survey properties}",
      journal = {\aap},
     keywords = {techniques: photometric, techniques: spectroscopic, techniques: radial velocities, catalogs, astrometry, parallaxes, Astrophysics - Astrophysics of Galaxies},
         year = 2023,
        month = jun,
       volume = {674},
          eid = {A1},
        pages = {A1},
          doi = {10.1051/0004-6361/202243940},
archivePrefix = {arXiv},
       eprint = {2208.00211},
 primaryClass = {astro-ph.GA},
       adsurl = {https://ui.adsabs.harvard.edu/abs/2023A&A...674A...1G},
      adsnote = {Provided by the SAO/NASA Astrophysics Data System}
}



@ARTICLE{2018PASJ...70S...4A,
       author = {{Aihara}, Hiroaki and {Arimoto}, Nobuo and {Armstrong}, Robert and {Arnouts}, St{\'e}phane and {Bahcall}, Neta A. and {Bickerton}, Steven and {Bosch}, James and {Bundy}, Kevin and {Capak}, Peter L. and {Chan}, James H.~H. and {Chiba}, Masashi and {Coupon}, Jean and {Egami}, Eiichi and {Enoki}, Motohiro and {Finet}, Francois and {Fujimori}, Hiroki and {Fujimoto}, Seiji and {Furusawa}, Hisanori and {Furusawa}, Junko and {Goto}, Tomotsugu and {Goulding}, Andy and {Greco}, Johnny P. and {Greene}, Jenny E. and {Gunn}, James E. and {Hamana}, Takashi and {Harikane}, Yuichi and {Hashimoto}, Yasuhiro and {Hattori}, Takashi and {Hayashi}, Masao and {Hayashi}, Yusuke and {He{\l}miniak}, Krzysztof G. and {Higuchi}, Ryo and {Hikage}, Chiaki and {Ho}, Paul T.~P. and {Hsieh}, Bau-Ching and {Huang}, Kuiyun and {Huang}, Song and {Ikeda}, Hiroyuki and {Imanishi}, Masatoshi and {Inoue}, Akio K. and {Iwasawa}, Kazushi and {Iwata}, Ikuru and {Jaelani}, Anton T. and {Jian}, Hung-Yu and {Kamata}, Yukiko and {Karoji}, Hiroshi and {Kashikawa}, Nobunari and {Katayama}, Nobuhiko and {Kawanomoto}, Satoshi and {Kayo}, Issha and {Koda}, Jin and {Koike}, Michitaro and {Kojima}, Takashi and {Komiyama}, Yutaka and {Konno}, Akira and {Koshida}, Shintaro and {Koyama}, Yusei and {Kusakabe}, Haruka and {Leauthaud}, Alexie and {Lee}, Chien-Hsiu and {Lin}, Lihwai and {Lin}, Yen-Ting and {Lupton}, Robert H. and {Mandelbaum}, Rachel and {Matsuoka}, Yoshiki and {Medezinski}, Elinor and {Mineo}, Sogo and {Miyama}, Shoken and {Miyatake}, Hironao and {Miyazaki}, Satoshi and {Momose}, Rieko and {More}, Anupreeta and {More}, Surhud and {Moritani}, Yuki and {Moriya}, Takashi J. and {Morokuma}, Tomoki and {Mukae}, Shiro and {Murata}, Ryoma and {Murayama}, Hitoshi and {Nagao}, Tohru and {Nakata}, Fumiaki and {Niida}, Mana and {Niikura}, Hiroko and {Nishizawa}, Atsushi J. and {Obuchi}, Yoshiyuki and {Oguri}, Masamune and {Oishi}, Yukie and {Okabe}, Nobuhiro and {Okamoto}, Sakurako and {Okura}, Yuki and {Ono}, Yoshiaki and {Onodera}, Masato and {Onoue}, Masafusa and {Osato}, Ken and {Ouchi}, Masami and {Price}, Paul A. and {Pyo}, Tae-Soo and {Sako}, Masao and {Sawicki}, Marcin and {Shibuya}, Takatoshi and {Shimasaku}, Kazuhiro and {Shimono}, Atsushi and {Shirasaki}, Masato and {Silverman}, John D. and {Simet}, Melanie and {Speagle}, Joshua and {Spergel}, David N. and {Strauss}, Michael A. and {Sugahara}, Yuma and {Sugiyama}, Naoshi and {Suto}, Yasushi and {Suyu}, Sherry H. and {Suzuki}, Nao and {Tait}, Philip J. and {Takada}, Masahiro and {Takata}, Tadafumi and {Tamura}, Naoyuki and {Tanaka}, Manobu M. and {Tanaka}, Masaomi and {Tanaka}, Masayuki and {Tanaka}, Yoko and {Terai}, Tsuyoshi and {Terashima}, Yuichi and {Toba}, Yoshiki and {Tominaga}, Nozomu and {Toshikawa}, Jun and {Turner}, Edwin L. and {Uchida}, Tomohisa and {Uchiyama}, Hisakazu and {Umetsu}, Keiichi and {Uraguchi}, Fumihiro and {Urata}, Yuji and {Usuda}, Tomonori and {Utsumi}, Yousuke and {Wang}, Shiang-Yu and {Wang}, Wei-Hao and {Wong}, Kenneth C. and {Yabe}, Kiyoto and {Yamada}, Yoshihiko and {Yamanoi}, Hitomi and {Yasuda}, Naoki and {Yeh}, Sherry and {Yonehara}, Atsunori and {Yuma}, Suraphong},
        title = "{The Hyper Suprime-Cam SSP Survey: Overview and survey design}",
      journal = {\pasj},
     keywords = {cosmology: observations, galaxies: general, large-scale structure of universe, surveys, Astrophysics - Instrumentation and Methods for Astrophysics},
         year = 2018,
        month = jan,
       volume = {70},
          eid = {S4},
        pages = {S4},
          doi = {10.1093/pasj/psx066},
archivePrefix = {arXiv},
       eprint = {1704.05858},
 primaryClass = {astro-ph.IM},
       adsurl = {https://ui.adsabs.harvard.edu/abs/2018PASJ...70S...4A},
      adsnote = {Provided by the SAO/NASA Astrophysics Data System}
}




@ARTICLE{2016arXiv161100036D,
       author = {{DESI Collaboration} and {Aghamousa}, Amir and {Aguilar}, Jessica and {Ahlen}, Steve and {Alam}, Shadab and {Allen}, Lori E. and {Allende Prieto}, Carlos and {Annis}, James and {Bailey}, Stephen and {Balland}, Christophe and {Ballester}, Otger and {Baltay}, Charles and {Beaufore}, Lucas and {Bebek}, Chris and {Beers}, Timothy C. and {Bell}, Eric F. and {Bernal}, Jos{\'e} Luis and {Besuner}, Robert and {Beutler}, Florian and {Blake}, Chris and {Bleuler}, Hannes and {Blomqvist}, Michael and {Blum}, Robert and {Bolton}, Adam S. and {Briceno}, Cesar and {Brooks}, David and {Brownstein}, Joel R. and {Buckley-Geer}, Elizabeth and {Burden}, Angela and {Burtin}, Etienne and {Busca}, Nicolas G. and {Cahn}, Robert N. and {Cai}, Yan-Chuan and {Cardiel-Sas}, Laia and {Carlberg}, Raymond G. and {Carton}, Pierre-Henri and {Casas}, Ricard and {Castander}, Francisco J. and {Cervantes-Cota}, Jorge L. and {Claybaugh}, Todd M. and {Close}, Madeline and {Coker}, Carl T. and {Cole}, Shaun and {Comparat}, Johan and {Cooper}, Andrew P. and {Cousinou}, M. -C. and {Crocce}, Martin and {Cuby}, Jean-Gabriel and {Cunningham}, Daniel P. and {Davis}, Tamara M. and {Dawson}, Kyle S. and {de la Macorra}, Axel and {De Vicente}, Juan and {Delubac}, Timoth{\'e}e and {Derwent}, Mark and {Dey}, Arjun and {Dhungana}, Govinda and {Ding}, Zhejie and {Doel}, Peter and {Duan}, Yutong T. and {Ealet}, Anne and {Edelstein}, Jerry and {Eftekharzadeh}, Sarah and {Eisenstein}, Daniel J. and {Elliott}, Ann and {Escoffier}, St{\'e}phanie and {Evatt}, Matthew and {Fagrelius}, Parker and {Fan}, Xiaohui and {Fanning}, Kevin and {Farahi}, Arya and {Farihi}, Jay and {Favole}, Ginevra and {Feng}, Yu and {Fernandez}, Enrique and {Findlay}, Joseph R. and {Finkbeiner}, Douglas P. and {Fitzpatrick}, Michael J. and {Flaugher}, Brenna and {Flender}, Samuel and {Font-Ribera}, Andreu and {Forero-Romero}, Jaime E. and {Fosalba}, Pablo and {Frenk}, Carlos S. and {Fumagalli}, Michele and {Gaensicke}, Boris T. and {Gallo}, Giuseppe and {Garcia-Bellido}, Juan and {Gaztanaga}, Enrique and {Pietro Gentile Fusillo}, Nicola and {Gerard}, Terry and {Gershkovich}, Irena and {Giannantonio}, Tommaso and {Gillet}, Denis and {Gonzalez-de-Rivera}, Guillermo and {Gonzalez-Perez}, Violeta and {Gott}, Shelby and {Graur}, Or and {Gutierrez}, Gaston and {Guy}, Julien and {Habib}, Salman and {Heetderks}, Henry and {Heetderks}, Ian and {Heitmann}, Katrin and {Hellwing}, Wojciech A. and {Herrera}, David A. and {Ho}, Shirley and {Holland}, Stephen and {Honscheid}, Klaus and {Huff}, Eric and {Hutchinson}, Timothy A. and {Huterer}, Dragan and {Hwang}, Ho Seong and {Illa Laguna}, Joseph Maria and {Ishikawa}, Yuzo and {Jacobs}, Dianna and {Jeffrey}, Niall and {Jelinsky}, Patrick and {Jennings}, Elise and {Jiang}, Linhua and {Jimenez}, Jorge and {Johnson}, Jennifer and {Joyce}, Richard and {Jullo}, Eric and {Juneau}, St{\'e}phanie and {Kama}, Sami and {Karcher}, Armin and {Karkar}, Sonia and {Kehoe}, Robert and {Kennamer}, Noble and {Kent}, Stephen and {Kilbinger}, Martin and {Kim}, Alex G. and {Kirkby}, David and {Kisner}, Theodore and {Kitanidis}, Ellie and {Kneib}, Jean-Paul and {Koposov}, Sergey and {Kovacs}, Eve and {Koyama}, Kazuya and {Kremin}, Anthony and {Kron}, Richard and {Kronig}, Luzius and {Kueter-Young}, Andrea and {Lacey}, Cedric G. and {Lafever}, Robin and {Lahav}, Ofer and {Lambert}, Andrew and {Lampton}, Michael and {Landriau}, Martin and {Lang}, Dustin and {Lauer}, Tod R. and {Le Goff}, Jean-Marc and {Le Guillou}, Laurent and {Le Van Suu}, Auguste and {Lee}, Jae Hyeon and {Lee}, Su-Jeong and {Leitner}, Daniela and {Lesser}, Michael and {Levi}, Michael E. and {L'Huillier}, Benjamin and {Li}, Baojiu and {Liang}, Ming and {Lin}, Huan and {Linder}, Eric and {Loebman}, Sarah R. and {Luki{\'c}}, Zarija and {Ma}, Jun and {MacCrann}, Niall and {Magneville}, Christophe and {Makarem}, Laleh and {Manera}, Marc and {Manser}, Christopher J. and {Marshall}, Robert and {Martini}, Paul and {Massey}, Richard and {Matheson}, Thomas and {McCauley}, Jeremy and {McDonald}, Patrick and {McGreer}, Ian D. and {Meisner}, Aaron and {Metcalfe}, Nigel and {Miller}, Timothy N. and {Miquel}, Ramon and {Moustakas}, John and {Myers}, Adam and {Naik}, Milind and {Newman}, Jeffrey A. and {Nichol}, Robert C. and {Nicola}, Andrina and {Nicolati da Costa}, Luiz and {Nie}, Jundan and {Niz}, Gustavo and {Norberg}, Peder and {Nord}, Brian and {Norman}, Dara and {Nugent}, Peter and {O'Brien}, Thomas and {Oh}, Minji and {Olsen}, Knut A.~G. and {Padilla}, Cristobal and {Padmanabhan}, Hamsa and {Padmanabhan}, Nikhil and {Palanque-Delabrouille}, Nathalie and {Palmese}, Antonella and {Pappalardo}, Daniel and {P{\^a}ris}, Isabelle and {Park}, Changbom and {Patej}, Anna and {Peacock}, John A. and {Peiris}, Hiranya V. and {Peng}, Xiyan and {Percival}, Will J. and {Perruchot}, Sandrine and {Pieri}, Matthew M. and {Pogge}, Richard and {Pollack}, Jennifer E. and {Poppett}, Claire and {Prada}, Francisco and {Prakash}, Abhishek and {Probst}, Ronald G. and {Rabinowitz}, David and {Raichoor}, Anand and {Ree}, Chang Hee and {Refregier}, Alexandre and {Regal}, Xavier and {Reid}, Beth and {Reil}, Kevin and {Rezaie}, Mehdi and {Rockosi}, Constance M. and {Roe}, Natalie and {Ronayette}, Samuel and {Roodman}, Aaron and {Ross}, Ashley J. and {Ross}, Nicholas P. and {Rossi}, Graziano and {Rozo}, Eduardo and {Ruhlmann-Kleider}, Vanina and {Rykoff}, Eli S. and {Sabiu}, Cristiano and {Samushia}, Lado and {Sanchez}, Eusebio and {Sanchez}, Javier and {Schlegel}, David J. and {Schneider}, Michael and {Schubnell}, Michael and {Secroun}, Aur{\'e}lia and {Seljak}, Uros and {Seo}, Hee-Jong and {Serrano}, Santiago and {Shafieloo}, Arman and {Shan}, Huanyuan and {Sharples}, Ray and {Sholl}, Michael J. and {Shourt}, William V. and {Silber}, Joseph H. and {Silva}, David R. and {Sirk}, Martin M. and {Slosar}, Anze and {Smith}, Alex and {Smoot}, George F. and {Som}, Debopam and {Song}, Yong-Seon and {Sprayberry}, David and {Staten}, Ryan and {Stefanik}, Andy and {Tarle}, Gregory and {Sien Tie}, Suk and {Tinker}, Jeremy L. and {Tojeiro}, Rita and {Valdes}, Francisco and {Valenzuela}, Octavio and {Valluri}, Monica and {Vargas-Magana}, Mariana and {Verde}, Licia and {Walker}, Alistair R. and {Wang}, Jiali and {Wang}, Yuting and {Weaver}, Benjamin A. and {Weaverdyck}, Curtis and {Wechsler}, Risa H. and {Weinberg}, David H. and {White}, Martin and {Yang}, Qian and {Yeche}, Christophe and {Zhang}, Tianmeng and {Zhao}, Gong-Bo and {Zheng}, Yi and {Zhou}, Xu and {Zhou}, Zhimin and {Zhu}, Yaling and {Zou}, Hu and {Zu}, Ying},
        title = "{The DESI Experiment Part I: Science,Targeting, and Survey Design}",
      journal = {arXiv e-prints},
     keywords = {Astrophysics - Instrumentation and Methods for Astrophysics, Astrophysics - Cosmology and Nongalactic Astrophysics},
         year = 2016,
        month = oct,
          eid = {arXiv:1611.00036},
        pages = {arXiv:1611.00036},
          doi = {10.48550/arXiv.1611.00036},
archivePrefix = {arXiv},
       eprint = {1611.00036},
 primaryClass = {astro-ph.IM},
       adsurl = {https://ui.adsabs.harvard.edu/abs/2016arXiv161100036D},
      adsnote = {Provided by the SAO/NASA Astrophysics Data System}
}



@ARTICLE{2009ApJS..182..543A,
       author = {{Abazajian}, Kevork N. and {Adelman-McCarthy}, Jennifer K. and {Ag{\"u}eros}, Marcel A. and {Allam}, Sahar S. and {Allende Prieto}, Carlos and {An}, Deokkeun and {Anderson}, Kurt S.~J. and {Anderson}, Scott F. and {Annis}, James and {Bahcall}, Neta A. and {Bailer-Jones}, C.~A.~L. and {Barentine}, J.~C. and {Bassett}, Bruce A. and {Becker}, Andrew C. and {Beers}, Timothy C. and {Bell}, Eric F. and {Belokurov}, Vasily and {Berlind}, Andreas A. and {Berman}, Eileen F. and {Bernardi}, Mariangela and {Bickerton}, Steven J. and {Bizyaev}, Dmitry and {Blakeslee}, John P. and {Blanton}, Michael R. and {Bochanski}, John J. and {Boroski}, William N. and {Brewington}, Howard J. and {Brinchmann}, Jarle and {Brinkmann}, J. and {Brunner}, Robert J. and {Budav{\'a}ri}, Tam{\'a}s and {Carey}, Larry N. and {Carliles}, Samuel and {Carr}, Michael A. and {Castander}, Francisco J. and {Cinabro}, David and {Connolly}, A.~J. and {Csabai}, Istv{\'a}n and {Cunha}, Carlos E. and {Czarapata}, Paul C. and {Davenport}, James R.~A. and {de Haas}, Ernst and {Dilday}, Ben and {Doi}, Mamoru and {Eisenstein}, Daniel J. and {Evans}, Michael L. and {Evans}, N.~W. and {Fan}, Xiaohui and {Friedman}, Scott D. and {Frieman}, Joshua A. and {Fukugita}, Masataka and {G{\"a}nsicke}, Boris T. and {Gates}, Evalyn and {Gillespie}, Bruce and {Gilmore}, G. and {Gonzalez}, Belinda and {Gonzalez}, Carlos F. and {Grebel}, Eva K. and {Gunn}, James E. and {Gy{\"o}ry}, Zsuzsanna and {Hall}, Patrick B. and {Harding}, Paul and {Harris}, Frederick H. and {Harvanek}, Michael and {Hawley}, Suzanne L. and {Hayes}, Jeffrey J.~E. and {Heckman}, Timothy M. and {Hendry}, John S. and {Hennessy}, Gregory S. and {Hindsley}, Robert B. and {Hoblitt}, J. and {Hogan}, Craig J. and {Hogg}, David W. and {Holtzman}, Jon A. and {Hyde}, Joseph B. and {Ichikawa}, Shin-ichi and {Ichikawa}, Takashi and {Im}, Myungshin and {Ivezi{\'c}}, {\v{Z}}eljko and {Jester}, Sebastian and {Jiang}, Linhua and {Johnson}, Jennifer A. and {Jorgensen}, Anders M. and {Juri{\'c}}, Mario and {Kent}, Stephen M. and {Kessler}, R. and {Kleinman}, S.~J. and {Knapp}, G.~R. and {Konishi}, Kohki and {Kron}, Richard G. and {Krzesinski}, Jurek and {Kuropatkin}, Nikolay and {Lampeitl}, Hubert and {Lebedeva}, Svetlana and {Lee}, Myung Gyoon and {Lee}, Young Sun and {French Leger}, R. and {L{\'e}pine}, S{\'e}bastien and {Li}, Nolan and {Lima}, Marcos and {Lin}, Huan and {Long}, Daniel C. and {Loomis}, Craig P. and {Loveday}, Jon and {Lupton}, Robert H. and {Magnier}, Eugene and {Malanushenko}, Olena and {Malanushenko}, Viktor and {Mandelbaum}, Rachel and {Margon}, Bruce and {Marriner}, John P. and {Mart{\'\i}nez-Delgado}, David and {Matsubara}, Takahiko and {McGehee}, Peregrine M. and {McKay}, Timothy A. and {Meiksin}, Avery and {Morrison}, Heather L. and {Mullally}, Fergal and {Munn}, Jeffrey A. and {Murphy}, Tara and {Nash}, Thomas and {Nebot}, Ada and {Neilsen}, Eric H., Jr. and {Newberg}, Heidi Jo and {Newman}, Peter R. and {Nichol}, Robert C. and {Nicinski}, Tom and {Nieto-Santisteban}, Maria and {Nitta}, Atsuko and {Okamura}, Sadanori and {Oravetz}, Daniel J. and {Ostriker}, Jeremiah P. and {Owen}, Russell and {Padmanabhan}, Nikhil and {Pan}, Kaike and {Park}, Changbom and {Pauls}, George and {Peoples}, John, Jr. and {Percival}, Will J. and {Pier}, Jeffrey R. and {Pope}, Adrian C. and {Pourbaix}, Dimitri and {Price}, Paul A. and {Purger}, Norbert and {Quinn}, Thomas and {Raddick}, M. Jordan and {Re Fiorentin}, Paola and {Richards}, Gordon T. and {Richmond}, Michael W. and {Riess}, Adam G. and {Rix}, Hans-Walter and {Rockosi}, Constance M. and {Sako}, Masao and {Schlegel}, David J. and {Schneider}, Donald P. and {Scholz}, Ralf-Dieter and {Schreiber}, Matthias R. and {Schwope}, Axel D. and {Seljak}, Uro{\v{s}} and {Sesar}, Branimir and {Sheldon}, Erin and {Shimasaku}, Kazu and {Sibley}, Valena C. and {Simmons}, A.~E. and {Sivarani}, Thirupathi and {Allyn Smith}, J. and {Smith}, Martin C. and {Smol{\v{c}}i{\'c}}, Vernesa and {Snedden}, Stephanie A. and {Stebbins}, Albert and {Steinmetz}, Matthias and {Stoughton}, Chris and {Strauss}, Michael A. and {SubbaRao}, Mark and {Suto}, Yasushi and {Szalay}, Alexander S. and {Szapudi}, Istv{\'a}n and {Szkody}, Paula and {Tanaka}, Masayuki and {Tegmark}, Max and {Teodoro}, Luis F.~A. and {Thakar}, Aniruddha R. and {Tremonti}, Christy A. and {Tucker}, Douglas L. and {Uomoto}, Alan and {Vanden Berk}, Daniel E. and {Vandenberg}, Jan and {Vidrih}, S. and {Vogeley}, Michael S. and {Voges}, Wolfgang and {Vogt}, Nicole P. and {Wadadekar}, Yogesh and {Watters}, Shannon and {Weinberg}, David H. and {West}, Andrew A. and {White}, Simon D.~M. and {Wilhite}, Brian C. and {Wonders}, Alainna C. and {Yanny}, Brian and {Yocum}, D.~R. and {York}, Donald G. and {Zehavi}, Idit and {Zibetti}, Stefano and {Zucker}, Daniel B.},
        title = "{The Seventh Data Release of the Sloan Digital Sky Survey}",
      journal = {\apjs},
     keywords = {atlases, catalogs, surveys, Astrophysics},
         year = 2009,
        month = jun,
       volume = {182},
       number = {2},
        pages = {543-558},
          doi = {10.1088/0067-0049/182/2/543},
archivePrefix = {arXiv},
       eprint = {0812.0649},
 primaryClass = {astro-ph},
       adsurl = {https://ui.adsabs.harvard.edu/abs/2009ApJS..182..543A},
      adsnote = {Provided by the SAO/NASA Astrophysics Data System}
}



@ARTICLE{2024ApJ...965L...6B,
       author = {{Bagley}, Micaela B. and {Pirzkal}, Nor and {Finkelstein}, Steven L. and {Papovich}, Casey and {Berg}, Danielle A. and {Lotz}, Jennifer M. and {Leung}, Gene C.~K. and {Ferguson}, Henry C. and {Koekemoer}, Anton M. and {Dickinson}, Mark and {Kartaltepe}, Jeyhan S. and {Kocevski}, Dale D. and {Somerville}, Rachel S. and {Yung}, L.~Y. Aaron and {Backhaus}, Bren E. and {Casey}, Caitlin M. and {Castellano}, Marco and {Ch{\'a}vez Ortiz}, {\'O}scar A. and {Chworowsky}, Katherine and {Cox}, Isabella G. and {Dav{\'e}}, Romeel and {Davis}, Kelcey and {Estrada-Carpenter}, Vicente and {Fontana}, Adriano and {Fujimoto}, Seiji and {Gardner}, Jonathan P. and {Giavalisco}, Mauro and {Grazian}, Andrea and {Grogin}, Norman A. and {Hathi}, Nimish P. and {Hutchison}, Taylor A. and {Jaskot}, Anne E. and {Jung}, Intae and {Kewley}, Lisa J. and {Kirkpatrick}, Allison and {Larson}, Rebecca L. and {Matharu}, Jasleen and {Natarajan}, Priyamvada and {Pentericci}, Laura and {P{\'e}rez-Gonz{\'a}lez}, Pablo G. and {Ravindranath}, Swara and {Rothberg}, Barry and {Ryan}, Russell and {Shen}, Lu and {Simons}, Raymond C. and {Snyder}, Gregory F. and {Trump}, Jonathan R. and {Wilkins}, Stephen M.},
        title = "{The Next Generation Deep Extragalactic Exploratory Public (NGDEEP) Survey}",
      journal = {\apjl},
     keywords = {Early universe, Galaxy formation, Galaxy evolution, Galaxy chemical evolution, 435, 595, 594, 580, Astrophysics - Astrophysics of Galaxies},
         year = 2024,
        month = apr,
       volume = {965},
       number = {1},
          eid = {L6},
        pages = {L6},
          doi = {10.3847/2041-8213/ad2f31},
archivePrefix = {arXiv},
       eprint = {2302.05466},
 primaryClass = {astro-ph.GA},
       adsurl = {https://ui.adsabs.harvard.edu/abs/2024ApJ...965L...6B},
      adsnote = {Provided by the SAO/NASA Astrophysics Data System}
}



@ARTICLE{2023ApJ...946L..12B,
       author = {{Bagley}, Micaela B. and {Finkelstein}, Steven L. and {Koekemoer}, Anton M. and {Ferguson}, Henry C. and {Arrabal Haro}, Pablo and {Dickinson}, Mark and {Kartaltepe}, Jeyhan S. and {Papovich}, Casey and {P{\'e}rez-Gonz{\'a}lez}, Pablo G. and {Pirzkal}, Nor and {Somerville}, Rachel S. and {Willmer}, Christopher N.~A. and {Yang}, Guang and {Yung}, L.~Y. Aaron and {Fontana}, Adriano and {Grazian}, Andrea and {Grogin}, Norman A. and {Hirschmann}, Michaela and {Kewley}, Lisa J. and {Kirkpatrick}, Allison and {Kocevski}, Dale D. and {Lotz}, Jennifer M. and {Medrano}, Aubrey and {Morales}, Alexa M. and {Pentericci}, Laura and {Ravindranath}, Swara and {Trump}, Jonathan R. and {Wilkins}, Stephen M. and {Calabr{\`o}}, Antonello and {Cooper}, M.~C. and {Costantin}, Luca and {de la Vega}, Alexander and {Hilbert}, Bryan and {Hutchison}, Taylor A. and {Larson}, Rebecca L. and {Lucas}, Ray A. and {McGrath}, Elizabeth J. and {Ryan}, Russell and {Wang}, Xin and {Wuyts}, Stijn},
        title = "{CEERS Epoch 1 NIRCam Imaging: Reduction Methods and Simulations Enabling Early JWST Science Results}",
      journal = {\apjl},
     keywords = {Near infrared astronomy, Direct imaging, Astronomy data reduction, 1093, 387, 1861, Astrophysics - Instrumentation and Methods for Astrophysics, Astrophysics - Astrophysics of Galaxies},
         year = 2023,
        month = mar,
       volume = {946},
       number = {1},
          eid = {L12},
        pages = {L12},
          doi = {10.3847/2041-8213/acbb08},
archivePrefix = {arXiv},
       eprint = {2211.02495},
 primaryClass = {astro-ph.IM},
       adsurl = {https://ui.adsabs.harvard.edu/abs/2023ApJ...946L..12B},
      adsnote = {Provided by the SAO/NASA Astrophysics Data System}
}



@ARTICLE{2023arXiv230602465E,
       author = {{Eisenstein}, Daniel J. and {Willott}, Chris and {Alberts}, Stacey and {Arribas}, Santiago and {Bonaventura}, Nina and {Bunker}, Andrew J. and {Cameron}, Alex J. and {Carniani}, Stefano and {Charlot}, Stephane and {Curtis-Lake}, Emma and {D'Eugenio}, Francesco and {Endsley}, Ryan and {Ferruit}, Pierre and {Giardino}, Giovanna and {Hainline}, Kevin and {Hausen}, Ryan and {Jakobsen}, Peter and {Johnson}, Benjamin D. and {Maiolino}, Roberto and {Rieke}, Marcia and {Rieke}, George and {Rix}, Hans-Walter and {Robertson}, Brant and {Stark}, Daniel P. and {Tacchella}, Sandro and {Williams}, Christina C. and {Willmer}, Christopher N.~A. and {Baker}, William M. and {Baum}, Stefi and {Bhatawdekar}, Rachana and {Boyett}, Kristan and {Chen}, Zuyi and {Chevallard}, Jacopo and {Circosta}, Chiara and {Curti}, Mirko and {Danhaive}, A. Lola and {DeCoursey}, Christa and {de Graaff}, Anna and {Dressler}, Alan and {Egami}, Eiichi and {Helton}, Jakob M. and {Hviding}, Raphael E. and {Ji}, Zhiyuan and {Jones}, Gareth C. and {Kumari}, Nimisha and {L{\"u}tzgendorf}, Nora and {Laseter}, Isaac and {Looser}, Tobias J. and {Lyu}, Jianwei and {Maseda}, Michael V. and {Nelson}, Erica and {Parlanti}, Eleonora and {Perna}, Michele and {Pusk{\'a}s}, D{\'a}vid and {Rawle}, Tim and {Rodr{\'\i}guez Del Pino}, Bruno and {Sandles}, Lester and {Saxena}, Aayush and {Scholtz}, Jan and {Sharpe}, Katherine and {Shivaei}, Irene and {Silcock}, Maddie S. and {Simmonds}, Charlotte and {Skarbinski}, Maya and {Smit}, Renske and {Stone}, Meredith and {Suess}, Katherine A. and {Sun}, Fengwu and {Tang}, Mengtao and {Topping}, Michael W. and {{\"U}bler}, Hannah and {Villanueva}, Natalia C. and {Wallace}, Imaan E.~B. and {Whitler}, Lily and {Witstok}, Joris and {Woodrum}, Charity},
        title = "{Overview of the JWST Advanced Deep Extragalactic Survey (JADES)}",
      journal = {arXiv e-prints},
     keywords = {Astrophysics - Astrophysics of Galaxies},
         year = 2023,
        month = jun,
          eid = {arXiv:2306.02465},
        pages = {arXiv:2306.02465},
          doi = {10.48550/arXiv.2306.02465},
archivePrefix = {arXiv},
       eprint = {2306.02465},
 primaryClass = {astro-ph.GA},
       adsurl = {https://ui.adsabs.harvard.edu/abs/2023arXiv230602465E},
      adsnote = {Provided by the SAO/NASA Astrophysics Data System}
}




@ARTICLE{CLIP2021,
       author = {{Radford}, Alec and {Kim}, Jong Wook and {Hallacy}, Chris and {Ramesh}, Aditya and {Goh}, Gabriel and {Agarwal}, Sandhini and {Sastry}, Girish and {Askell}, Amanda and {Mishkin}, Pamela and {Clark}, Jack and {Krueger}, Gretchen and {Sutskever}, Ilya},
        title = "{Learning Transferable Visual Models From Natural Language Supervision}",
      journal = {arXiv e-prints},
     keywords = {Computer Science - Computer Vision and Pattern Recognition, Computer Science - Machine Learning},
         year = 2021,
        month = feb,
          eid = {arXiv:2103.00020},
        pages = {arXiv:2103.00020},
          doi = {10.48550/arXiv.2103.00020},
archivePrefix = {arXiv},
       eprint = {2103.00020},
 primaryClass = {cs.CV},
       adsurl = {https://ui.adsabs.harvard.edu/abs/2021arXiv210300020R},
      adsnote = {Provided by the SAO/NASA Astrophysics Data System}
}

@ARTICLE{AstroCLIP2023,
       author = {{Lanusse}, Francois and {Parker}, Liam and {Golkar}, Siavash and {Cranmer}, Miles and {Bietti}, Alberto and {Eickenberg}, Michael and {Krawezik}, Geraud and {McCabe}, Michael and {Ohana}, Ruben and {Pettee}, Mariel and {Regaldo-Saint Blancard}, Bruno and {Tesileanu}, Tiberiu and {Cho}, Kyunghyun and {Ho}, Shirley},
        title = "{AstroCLIP: Cross-Modal Pre-Training for Astronomical Foundation Models}",
      journal = {arXiv e-prints},
     keywords = {Astrophysics - Instrumentation and Methods for Astrophysics, Computer Science - Artificial Intelligence, Computer Science - Machine Learning},
         year = 2023,
        month = oct,
          eid = {arXiv:2310.03024},
        pages = {arXiv:2310.03024},
          doi = {10.48550/arXiv.2310.03024},
archivePrefix = {arXiv},
       eprint = {2310.03024},
 primaryClass = {astro-ph.IM},
       adsurl = {https://ui.adsabs.harvard.edu/abs/2023arXiv231003024L},
      adsnote = {Provided by the SAO/NASA Astrophysics Data System}
}


@misc{walmsley2024scaling,
      title={Scaling Laws for Galaxy Images}, 
      author={Mike Walmsley and Micah Bowles and Anna M. M. Scaife and Jason Shingirai Makechemu and Alexander J. Gordon and Annette M. N. Ferguson and Robert G. Mann and James Pearson and Jürgen J. Popp and Jo Bovy and Josh Speagle and Hugh Dickinson and Lucy Fortson and Tobias Géron and Sandor Kruk and Chris J. Lintott and Kameswara Mantha and Devina Mohan and David O'Ryan and Inigo V. Slijepevic},
      year={2024},
      eprint={2404.02973},
      archivePrefix={arXiv},
      primaryClass={cs.CV}
}
@ARTICLE{Walmsley2023GZDESI,
       author = {{Walmsley}, Mike and {G{\'e}ron}, Tobias and {Kruk}, Sandor and {Scaife}, Anna M.~M. and {Lintott}, Chris and {Masters}, Karen L. and {Dawson}, James M. and {Dickinson}, Hugh and {Fortson}, Lucy and {Garland}, Izzy L. and {Mantha}, Kameswara and {O'Ryan}, David and {Popp}, J{\"u}rgen and {Simmons}, Brooke and {Baeten}, Elisabeth M. and {Macmillan}, Christine},
        title = "{Galaxy Zoo DESI: Detailed morphology measurements for 8.7M galaxies in the DESI Legacy Imaging Surveys}",
      journal = {\mnras},
     keywords = {methods: statistical, catalogues, software: data analysis, galaxies: bar, galaxies: general, galaxies: interaction, Astrophysics - Astrophysics of Galaxies, Astrophysics - Instrumentation and Methods for Astrophysics},
         year = 2023,
        month = dec,
       volume = {526},
       number = {3},
        pages = {4768-4786},
          doi = {10.1093/mnras/stad2919},
archivePrefix = {arXiv},
       eprint = {2309.11425},
 primaryClass = {astro-ph.GA},
       adsurl = {https://ui.adsabs.harvard.edu/abs/2023MNRAS.526.4768W},
      adsnote = {Provided by the SAO/NASA Astrophysics Data System}
}

@misc{gzchallengeKaggle2013,
    author = {AstroDave, AstroTom, Christopher Read @ Winton, joycenv, Kyle Willett},
    title = {Galaxy Zoo - The Galaxy Challenge},
    publisher = {Kaggle},
    year = {2013},
    url = {https://kaggle.com/competitions/galaxy-zoo-the-galaxy-challenge}
}
@article{Walmsley2019BNN,
    author = {Walmsley, Mike and Smith, Lewis and Lintott, Chris and Gal, Yarin and Bamford, Steven and Dickinson, Hugh and Fortson, Lucy and Kruk, Sandor and Masters, Karen and Scarlata, Claudia and Simmons, Brooke and Smethurst, Rebecca and Wright, Darryl},
    title = "{Galaxy Zoo: probabilistic morphology through Bayesian CNNs and active learning}",
    journal = {Monthly Notices of the Royal Astronomical Society},
    volume = {491},
    number = {2},
    pages = {1554-1574},
    year = {2019},
    month = {10},
    abstract = "{We use Bayesian convolutional neural networks and a novel generative model of Galaxy Zoo volunteer responses to infer posteriors for the visual morphology of galaxies. Bayesian CNN can learn from galaxy images with uncertain labels and then, for previously unlabelled galaxies, predict the probability of each possible label. Our posteriors are well-calibrated (e.g. for predicting bars, we achieve coverage errors of 11.8 per cent within a vote fraction deviation of 0.2) and hence are reliable for practical use. Further, using our posteriors, we apply the active learning strategy BALD to request volunteer responses for the subset of galaxies which, if labelled, would be most informative for training our network. We show that training our Bayesian CNNs using active learning requires up to 35–60 per cent fewer labelled galaxies, depending on the morphological feature being classified. By combining human and machine intelligence, Galaxy zoo will be able to classify surveys of any conceivable scale on a time-scale of weeks, providing massive and detailed morphology catalogues to support research into galaxy evolution.}",
    issn = {0035-8711},
    doi = {10.1093/mnras/stz2816},
    url = {https://doi.org/10.1093/mnras/stz2816},
    eprint = {https://academic.oup.com/mnras/article-pdf/491/2/1554/31144873/stz2816.pdf},
}

@article{Dielman2015GZCNN,
    author = {Dieleman, Sander and Willett, Kyle W. and Dambre, Joni},
    title = "{Rotation-invariant convolutional neural networks for galaxy morphology prediction}",
    journal = {Monthly Notices of the Royal Astronomical Society},
    volume = {450},
    number = {2},
    pages = {1441-1459},
    year = {2015},
    month = {04},
    abstract = "{Measuring the morphological parameters of galaxies is a key requirement for studying their formation and evolution. Surveys such as the Sloan Digital Sky Survey have resulted in the availability of very large collections of images, which have permitted population-wide analyses of galaxy morphology. Morphological analysis has traditionally been carried out mostly via visual inspection by trained experts, which is time consuming and does not scale to large (≳104) numbers of images. Although attempts have been made to build automated classification systems, these have not been able to achieve the desired level of accuracy. The Galaxy Zoo project successfully applied a crowdsourcing strategy, inviting online users to classify images by answering a series of questions. Unfortunately, even this approach does not scale well enough to keep up with the increasing availability of galaxy images. We present a deep neural network model for galaxy morphology classification which exploits translational and rotational symmetry. It was developed in the context of the Galaxy Challenge, an international competition to build the best model for morphology classification based on annotated images from the Galaxy Zoo project. For images with high agreement among the Galaxy Zoo participants, our model is able to reproduce their consensus with near-perfect accuracy (\\&gt;99 per cent) for most questions. Confident model predictions are highly accurate, which makes the model suitable for filtering large collections of images and forwarding challenging images to experts for manual annotation. This approach greatly reduces the experts’ workload without affecting accuracy. The application of these algorithms to larger sets of training data will be critical for analysing results from future surveys such as the Large Synoptic Survey Telescope.}",
    issn = {0035-8711},
    doi = {10.1093/mnras/stv632},
    url = {https://doi.org/10.1093/mnras/stv632},
    eprint = {https://academic.oup.com/mnras/article-pdf/450/2/1441/3022697/stv632.pdf},
}

@article{Bowles2023SemanticTags,
    author = {Bowles, Micah and Tang, Hongming and Vardoulaki, Eleni and Alexander, Emma L and Luo, Yan and Rudnick, Lawrence and Walmsley, Mike and Porter, Fiona and Scaife, Anna M M and Slijepcevic, Inigo Val and Adams, Elizabeth A K and Drabent, Alexander and Dugdale, Thomas and Gürkan, Gülay and Hopkins, Andrew M and Jimenez-Andrade, Eric F and Leahy, Denis A and Norris, Ray P and Rahman, Syed Faisal ur and Ouyang, Xichang and Segal, Gary and Shabala, Stanislav S and Wong, O Ivy},
    title = "{Radio galaxy zoo EMU: towards a semantic radio galaxy morphology taxonomy}",
    journal = {Monthly Notices of the Royal Astronomical Society},
    volume = {522},
    number = {2},
    pages = {2584-2600},
    year = {2023},
    month = {04},
    issn = {0035-8711},
    doi = {10.1093/mnras/stad1021},
    url = {https://doi.org/10.1093/mnras/stad1021},
    eprint = {https://academic.oup.com/mnras/article-pdf/522/2/2584/50119421/stad1021.pdf},
}

@ARTICLE{Bowles2022_SemanticTags,
       author = {{Bowles}, Micah and {Tang}, Hongming and {Vardoulaki}, Eleni and {Alexander}, Emma L. and {Luo}, Yan and {Rudnick}, Lawrence and {Walmsley}, Mike and {Porter}, Fiona and {Scaife}, Anna M.~M. and {Slijepcevic}, Inigo Val and {Segal}, Gary},
        title = "{A New Task: Deriving Semantic Class Targets for the Physical Sciences}",
      journal = {NeurIPS 2022: Machine Learning and the Physical Sciences Workshop},
     keywords = {Astrophysics - Instrumentation and Methods for Astrophysics, Computer Science - Computation and Language},
         year = 2022,
        month = oct,
          eid = {arXiv:2210.14760},
        pages = {arXiv:2210.14760},
archivePrefix = {arXiv},
       eprint = {2210.14760},
 primaryClass = {astro-ph.IM},
       adsurl = {https://ui.adsabs.harvard.edu/abs/2022arXiv221014760B},
      adsnote = {Provided by the SAO/NASA Astrophysics Data System}
}

@ARTICLE{2022ApJS..259...35A,
       author = {{Abdurro'uf} and {Accetta}, Katherine and {Aerts}, Conny and {Silva Aguirre}, V{\'\i}ctor and {Ahumada}, Romina and {Ajgaonkar}, Nikhil and {Filiz Ak}, N. and {Alam}, Shadab and {Allende Prieto}, Carlos and {Almeida}, Andr{\'e}s and {Anders}, Friedrich and {Anderson}, Scott F. and {Andrews}, Brett H. and {Anguiano}, Borja and {Aquino-Ort{\'\i}z}, Erik and {Arag{\'o}n-Salamanca}, Alfonso and {Argudo-Fern{\'a}ndez}, Maria and {Ata}, Metin and {Aubert}, Marie and {Avila-Reese}, Vladimir and {Badenes}, Carles and {Barb{\'a}}, Rodolfo H. and {Barger}, Kat and {Barrera-Ballesteros}, Jorge K. and {Beaton}, Rachael L. and {Beers}, Timothy C. and {Belfiore}, Francesco and {Bender}, Chad F. and {Bernardi}, Mariangela and {Bershady}, Matthew A. and {Beutler}, Florian and {Bidin}, Christian Moni and {Bird}, Jonathan C. and {Bizyaev}, Dmitry and {Blanc}, Guillermo A. and {Blanton}, Michael R. and {Boardman}, Nicholas Fraser and {Bolton}, Adam S. and {Boquien}, M{\'e}d{\'e}ric and {Borissova}, Jura and {Bovy}, Jo and {Brandt}, W.~N. and {Brown}, Jordan and {Brownstein}, Joel R. and {Brusa}, Marcella and {Buchner}, Johannes and {Bundy}, Kevin and {Burchett}, Joseph N. and {Bureau}, Martin and {Burgasser}, Adam and {Cabang}, Tuesday K. and {Campbell}, Stephanie and {Cappellari}, Michele and {Carlberg}, Joleen K. and {Wanderley}, F{\'a}bio Carneiro and {Carrera}, Ricardo and {Cash}, Jennifer and {Chen}, Yan-Ping and {Chen}, Wei-Huai and {Cherinka}, Brian and {Chiappini}, Cristina and {Choi}, Peter Doohyun and {Chojnowski}, S. Drew and {Chung}, Haeun and {Clerc}, Nicolas and {Cohen}, Roger E. and {Comerford}, Julia M. and {Comparat}, Johan and {da Costa}, Luiz and {Covey}, Kevin and {Crane}, Jeffrey D. and {Cruz-Gonzalez}, Irene and {Culhane}, Connor and {Cunha}, Katia and {Dai}, Y. Sophia and {Damke}, Guillermo and {Darling}, Jeremy and {Davidson}, James W., Jr. and {Davies}, Roger and {Dawson}, Kyle and {De Lee}, Nathan and {Diamond-Stanic}, Aleksandar M. and {Cano-D{\'\i}az}, Mariana and {S{\'a}nchez}, Helena Dom{\'\i}nguez and {Donor}, John and {Duckworth}, Chris and {Dwelly}, Tom and {Eisenstein}, Daniel J. and {Elsworth}, Yvonne P. and {Emsellem}, Eric and {Eracleous}, Mike and {Escoffier}, Stephanie and {Fan}, Xiaohui and {Farr}, Emily and {Feng}, Shuai and {Fern{\'a}ndez-Trincado}, Jos{\'e} G. and {Feuillet}, Diane and {Filipp}, Andreas and {Fillingham}, Sean P. and {Frinchaboy}, Peter M. and {Fromenteau}, Sebastien and {Galbany}, Llu{\'\i}s and {Garc{\'\i}a}, Rafael A. and {Garc{\'\i}a-Hern{\'a}ndez}, D.~A. and {Ge}, Junqiang and {Geisler}, Doug and {Gelfand}, Joseph and {G{\'e}ron}, Tobias and {Gibson}, Benjamin J. and {Goddy}, Julian and {Godoy-Rivera}, Diego and {Grabowski}, Kathleen and {Green}, Paul J. and {Greener}, Michael and {Grier}, Catherine J. and {Griffith}, Emily and {Guo}, Hong and {Guy}, Julien and {Hadjara}, Massinissa and {Harding}, Paul and {Hasselquist}, Sten and {Hayes}, Christian R. and {Hearty}, Fred and {Hern{\'a}ndez}, Jes{\'u}s and {Hill}, Lewis and {Hogg}, David W. and {Holtzman}, Jon A. and {Horta}, Danny and {Hsieh}, Bau-Ching and {Hsu}, Chin-Hao and {Hsu}, Yun-Hsin and {Huber}, Daniel and {Huertas-Company}, Marc and {Hutchinson}, Brian and {Hwang}, Ho Seong and {Ibarra-Medel}, H{\'e}ctor J. and {Chitham}, Jacob Ider and {Ilha}, Gabriele S. and {Imig}, Julie and {Jaekle}, Will and {Jayasinghe}, Tharindu and {Ji}, Xihan and {Johnson}, Jennifer A. and {Jones}, Amy and {J{\"o}nsson}, Henrik and {Katkov}, Ivan and {Khalatyan}, Arman, Dr. and {Kinemuchi}, Karen and {Kisku}, Shobhit and {Knapen}, Johan H. and {Kneib}, Jean-Paul and {Kollmeier}, Juna A. and {Kong}, Miranda and {Kounkel}, Marina and {Kreckel}, Kathryn and {Krishnarao}, Dhanesh and {Lacerna}, Ivan and {Lane}, Richard R. and {Langgin}, Rachel and {Lavender}, Ramon and {Law}, David R. and {Lazarz}, Daniel and {Leung}, Henry W. and {Leung}, Ho-Hin and {Lewis}, Hannah M. and {Li}, Cheng and {Li}, Ran and {Lian}, Jianhui and {Liang}, Fu-Heng and {Lin}, Lihwai and {Lin}, Yen-Ting and {Lin}, Sicheng and {Lintott}, Chris and {Long}, Dan and {Longa-Pe{\~n}a}, Pen{\'e}lope and {L{\'o}pez-Cob{\'a}}, Carlos and {Lu}, Shengdong and {Lundgren}, Britt F. and {Luo}, Yuanze and {Mackereth}, J. Ted and {de la Macorra}, Axel and {Mahadevan}, Suvrath and {Majewski}, Steven R. and {Manchado}, Arturo and {Mandeville}, Travis and {Maraston}, Claudia and {Margalef-Bentabol}, Berta and {Masseron}, Thomas and {Masters}, Karen L. and {Mathur}, Savita and {McDermid}, Richard M. and {Mckay}, Myles and {Merloni}, Andrea and {Merrifield}, Michael and {Meszaros}, Szabolcs and {Miglio}, Andrea and {Di Mille}, Francesco and {Minniti}, Dante and {Minsley}, Rebecca and {Monachesi}, Antonela and {Moon}, Jeongin and {Mosser}, Benoit and {Mulchaey}, John and {Muna}, Demitri and {Mu{\~n}oz}, Ricardo R. and {Myers}, Adam D. and {Myers}, Natalie and {Nadathur}, Seshadri and {Nair}, Preethi and {Nandra}, Kirpal and {Neumann}, Justus and {Newman}, Jeffrey A. and {Nidever}, David L. and {Nikakhtar}, Farnik and {Nitschelm}, Christian and {O'Connell}, Julia E. and {Garma-Oehmichen}, Luis and {Luan Souza de Oliveira}, Gabriel and {Olney}, Richard and {Oravetz}, Daniel and {Ortigoza-Urdaneta}, Mario and {Osorio}, Yeisson and {Otter}, Justin and {Pace}, Zachary J. and {Padilla}, Nelson and {Pan}, Kaike and {Pan}, Hsi-An and {Parikh}, Taniya and {Parker}, James and {Peirani}, Sebastien and {Pe{\~n}a Ram{\'\i}rez}, Karla and {Penny}, Samantha and {Percival}, Will J. and {Perez-Fournon}, Ismael and {Pinsonneault}, Marc and {Poidevin}, Fr{\'e}d{\'e}rick and {Poovelil}, Vijith Jacob and {Price-Whelan}, Adrian M. and {B{\'a}rbara de Andrade Queiroz}, Anna and {Raddick}, M. Jordan and {Ray}, Amy and {Rembold}, Sandro Barboza and {Riddle}, Nicole and {Riffel}, Rogemar A. and {Riffel}, Rog{\'e}rio and {Rix}, Hans-Walter and {Robin}, Annie C. and {Rodr{\'\i}guez-Puebla}, Aldo and {Roman-Lopes}, Alexandre and {Rom{\'a}n-Z{\'u}{\~n}iga}, Carlos and {Rose}, Benjamin and {Ross}, Ashley J. and {Rossi}, Graziano and {Rubin}, Kate H.~R. and {Salvato}, Mara and {S{\'a}nchez}, Seb{\'a}stian F. and {S{\'a}nchez-Gallego}, Jos{\'e} R. and {Sanderson}, Robyn and {Santana Rojas}, Felipe Antonio and {Sarceno}, Edgar and {Sarmiento}, Regina and {Sayres}, Conor and {Sazonova}, Elizaveta and {Schaefer}, Adam L. and {Schiavon}, Ricardo and {Schlegel}, David J. and {Schneider}, Donald P. and {Schultheis}, Mathias and {Schwope}, Axel and {Serenelli}, Aldo and {Serna}, Javier and {Shao}, Zhengyi and {Shapiro}, Griffin and {Sharma}, Anubhav and {Shen}, Yue and {Shetrone}, Matthew and {Shu}, Yiping and {Simon}, Joshua D. and {Skrutskie}, M.~F. and {Smethurst}, Rebecca and {Smith}, Verne and {Sobeck}, Jennifer and {Spoo}, Taylor and {Sprague}, Dani and {Stark}, David V. and {Stassun}, Keivan G. and {Steinmetz}, Matthias and {Stello}, Dennis and {Stone-Martinez}, Alexander and {Storchi-Bergmann}, Thaisa and {Stringfellow}, Guy S. and {Stutz}, Amelia and {Su}, Yung-Chau and {Taghizadeh-Popp}, Manuchehr and {Talbot}, Michael S. and {Tayar}, Jamie and {Telles}, Eduardo and {Teske}, Johanna and {Thakar}, Ani and {Theissen}, Christopher and {Tkachenko}, Andrew and {Thomas}, Daniel and {Tojeiro}, Rita and {Hernandez Toledo}, Hector and {Troup}, Nicholas W. and {Trump}, Jonathan R. and {Trussler}, James and {Turner}, Jacqueline and {Tuttle}, Sarah and {Unda-Sanzana}, Eduardo and {V{\'a}zquez-Mata}, Jos{\'e} Antonio and {Valentini}, Marica and {Valenzuela}, Octavio and {Vargas-Gonz{\'a}lez}, Jaime and {Vargas-Maga{\~n}a}, Mariana and {Alfaro}, Pablo Vera and {Villanova}, Sandro and {Vincenzo}, Fiorenzo and {Wake}, David and {Warfield}, Jack T. and {Washington}, Jessica Diane and {Weaver}, Benjamin Alan and {Weijmans}, Anne-Marie and {Weinberg}, David H. and {Weiss}, Achim and {Westfall}, Kyle B. and {Wild}, Vivienne and {Wilde}, Matthew C. and {Wilson}, John C. and {Wilson}, Robert F. and {Wilson}, Mikayla and {Wolf}, Julien and {Wood-Vasey}, W.~M. and {Yan}, Renbin and {Zamora}, Olga and {Zasowski}, Gail and {Zhang}, Kai and {Zhao}, Cheng and {Zheng}, Zheng and {Zheng}, Zheng and {Zhu}, Kai},
        title = "{The Seventeenth Data Release of the Sloan Digital Sky Surveys: Complete Release of MaNGA, MaStar, and APOGEE-2 Data}",
      journal = {\apjs},
     keywords = {Astronomy data acquisition, Astronomy databases, Surveys, 1860, 83, 1671, Astrophysics - Astrophysics of Galaxies, Astrophysics - Instrumentation and Methods for Astrophysics},
         year = 2022,
        month = apr,
       volume = {259},
       number = {2},
          eid = {35},
        pages = {35},
          doi = {10.3847/1538-4365/ac4414},
archivePrefix = {arXiv},
       eprint = {2112.02026},
 primaryClass = {astro-ph.GA},
       adsurl = {https://ui.adsabs.harvard.edu/abs/2022ApJS..259...35A},
      adsnote = {Provided by the SAO/NASA Astrophysics Data System}
}



@ARTICLE{2013AJ....146...32S,
       author = {{Smee}, Stephen A. and {Gunn}, James E. and {Uomoto}, Alan and {Roe}, Natalie and {Schlegel}, David and {Rockosi}, Constance M. and {Carr}, Michael A. and {Leger}, French and {Dawson}, Kyle S. and {Olmstead}, Matthew D. and {Brinkmann}, Jon and {Owen}, Russell and {Barkhouser}, Robert H. and {Honscheid}, Klaus and {Harding}, Paul and {Long}, Dan and {Lupton}, Robert H. and {Loomis}, Craig and {Anderson}, Lauren and {Annis}, James and {Bernardi}, Mariangela and {Bhardwaj}, Vaishali and {Bizyaev}, Dmitry and {Bolton}, Adam S. and {Brewington}, Howard and {Briggs}, John W. and {Burles}, Scott and {Burns}, James G. and {Castander}, Francisco Javier and {Connolly}, Andrew and {Davenport}, James R.~A. and {Ebelke}, Garrett and {Epps}, Harland and {Feldman}, Paul D. and {Friedman}, Scott D. and {Frieman}, Joshua and {Heckman}, Timothy and {Hull}, Charles L. and {Knapp}, Gillian R. and {Lawrence}, David M. and {Loveday}, Jon and {Mannery}, Edward J. and {Malanushenko}, Elena and {Malanushenko}, Viktor and {Merrelli}, Aronne James and {Muna}, Demitri and {Newman}, Peter R. and {Nichol}, Robert C. and {Oravetz}, Daniel and {Pan}, Kaike and {Pope}, Adrian C. and {Ricketts}, Paul G. and {Shelden}, Alaina and {Sandford}, Dale and {Siegmund}, Walter and {Simmons}, Audrey and {Smith}, D. Shane and {Snedden}, Stephanie and {Schneider}, Donald P. and {SubbaRao}, Mark and {Tremonti}, Christy and {Waddell}, Patrick and {York}, Donald G.},
        title = "{The Multi-object, Fiber-fed Spectrographs for the Sloan Digital Sky Survey and the Baryon Oscillation Spectroscopic Survey}",
      journal = {\aj},
     keywords = {cosmology: observations, instrumentation: spectrographs, surveys, Astrophysics - Instrumentation and Methods for Astrophysics},
         year = 2013,
        month = aug,
       volume = {146},
       number = {2},
          eid = {32},
        pages = {32},
          doi = {10.1088/0004-6256/146/2/32},
archivePrefix = {arXiv},
       eprint = {1208.2233},
 primaryClass = {astro-ph.IM},
       adsurl = {https://ui.adsabs.harvard.edu/abs/2013AJ....146...32S},
      adsnote = {Provided by the SAO/NASA Astrophysics Data System}
}




@ARTICLE{2015AJ....149...77D,
       author = {{Drory}, N. and {MacDonald}, N. and {Bershady}, M.~A. and {Bundy}, K. and {Gunn}, J. and {Law}, D.~R. and {Smith}, M. and {Stoll}, R. and {Tremonti}, C.~A. and {Wake}, D.~A. and {Yan}, R. and {Weijmans}, A.~M. and {Byler}, N. and {Cherinka}, B. and {Cope}, F. and {Eigenbrot}, A. and {Harding}, P. and {Holder}, D. and {Huehnerhoff}, J. and {Jaehnig}, K. and {Jansen}, T.~C. and {Klaene}, M. and {Paat}, A.~M. and {Percival}, J. and {Sayres}, C.},
        title = "{The MaNGA Integral Field Unit Fiber Feed System for the Sloan 2.5 m Telescope}",
      journal = {\aj},
     keywords = {galaxies: general, instrumentation: spectrographs, surveys, techniques: imaging spectroscopy, Astrophysics - Instrumentation and Methods for Astrophysics},
         year = 2015,
        month = feb,
       volume = {149},
       number = {2},
          eid = {77},
        pages = {77},
          doi = {10.1088/0004-6256/149/2/77},
archivePrefix = {arXiv},
       eprint = {1412.1535},
 primaryClass = {astro-ph.IM},
       adsurl = {https://ui.adsabs.harvard.edu/abs/2015AJ....149...77D},
      adsnote = {Provided by the SAO/NASA Astrophysics Data System}
}





@ARTICLE{2017AJ....154...28B,
       author = {{Blanton}, Michael R. and {Bershady}, Matthew A. and {Abolfathi}, Bela and {Albareti}, Franco D. and {Allende Prieto}, Carlos and {Almeida}, Andres and {Alonso-Garc{\'\i}a}, Javier and {Anders}, Friedrich and {Anderson}, Scott F. and {Andrews}, Brett and {Aquino-Ort{\'\i}z}, Erik and {Arag{\'o}n-Salamanca}, Alfonso and {Argudo-Fern{\'a}ndez}, Maria and {Armengaud}, Eric and {Aubourg}, Eric and {Avila-Reese}, Vladimir and {Badenes}, Carles and {Bailey}, Stephen and {Barger}, Kathleen A. and {Barrera-Ballesteros}, Jorge and {Bartosz}, Curtis and {Bates}, Dominic and {Baumgarten}, Falk and {Bautista}, Julian and {Beaton}, Rachael and {Beers}, Timothy C. and {Belfiore}, Francesco and {Bender}, Chad F. and {Berlind}, Andreas A. and {Bernardi}, Mariangela and {Beutler}, Florian and {Bird}, Jonathan C. and {Bizyaev}, Dmitry and {Blanc}, Guillermo A. and {Blomqvist}, Michael and {Bolton}, Adam S. and {Boquien}, M{\'e}d{\'e}ric and {Borissova}, Jura and {van den Bosch}, Remco and {Bovy}, Jo and {Brandt}, William N. and {Brinkmann}, Jonathan and {Brownstein}, Joel R. and {Bundy}, Kevin and {Burgasser}, Adam J. and {Burtin}, Etienne and {Busca}, Nicol{\'a}s G. and {Cappellari}, Michele and {Delgado Carigi}, Maria Leticia and {Carlberg}, Joleen K. and {Carnero Rosell}, Aurelio and {Carrera}, Ricardo and {Chanover}, Nancy J. and {Cherinka}, Brian and {Cheung}, Edmond and {G{\'o}mez Maqueo Chew}, Yilen and {Chiappini}, Cristina and {Choi}, Peter Doohyun and {Chojnowski}, Drew and {Chuang}, Chia-Hsun and {Chung}, Haeun and {Cirolini}, Rafael Fernando and {Clerc}, Nicolas and {Cohen}, Roger E. and {Comparat}, Johan and {da Costa}, Luiz and {Cousinou}, Marie-Claude and {Covey}, Kevin and {Crane}, Jeffrey D. and {Croft}, Rupert A.~C. and {Cruz-Gonzalez}, Irene and {Garrido Cuadra}, Daniel and {Cunha}, Katia and {Damke}, Guillermo J. and {Darling}, Jeremy and {Davies}, Roger and {Dawson}, Kyle and {de la Macorra}, Axel and {Dell'Agli}, Flavia and {De Lee}, Nathan and {Delubac}, Timoth{\'e}e and {Di Mille}, Francesco and {Diamond-Stanic}, Aleks and {Cano-D{\'\i}az}, Mariana and {Donor}, John and {Downes}, Juan Jos{\'e} and {Drory}, Niv and {du Mas des Bourboux}, H{\'e}lion and {Duckworth}, Christopher J. and {Dwelly}, Tom and {Dyer}, Jamie and {Ebelke}, Garrett and {Eigenbrot}, Arthur D. and {Eisenstein}, Daniel J. and {Emsellem}, Eric and {Eracleous}, Mike and {Escoffier}, Stephanie and {Evans}, Michael L. and {Fan}, Xiaohui and {Fern{\'a}ndez-Alvar}, Emma and {Fernandez-Trincado}, J.~G. and {Feuillet}, Diane K. and {Finoguenov}, Alexis and {Fleming}, Scott W. and {Font-Ribera}, Andreu and {Fredrickson}, Alexander and {Freischlad}, Gordon and {Frinchaboy}, Peter M. and {Fuentes}, Carla E. and {Galbany}, Llu{\'\i}s and {Garcia-Dias}, R. and {Garc{\'\i}a-Hern{\'a}ndez}, D.~A. and {Gaulme}, Patrick and {Geisler}, Doug and {Gelfand}, Joseph D. and {Gil-Mar{\'\i}n}, H{\'e}ctor and {Gillespie}, Bruce A. and {Goddard}, Daniel and {Gonzalez-Perez}, Violeta and {Grabowski}, Kathleen and {Green}, Paul J. and {Grier}, Catherine J. and {Gunn}, James E. and {Guo}, Hong and {Guy}, Julien and {Hagen}, Alex and {Hahn}, ChangHoon and {Hall}, Matthew and {Harding}, Paul and {Hasselquist}, Sten and {Hawley}, Suzanne L. and {Hearty}, Fred and {Gonzalez Hern{\'a}ndez}, Jonay I. and {Ho}, Shirley and {Hogg}, David W. and {Holley-Bockelmann}, Kelly and {Holtzman}, Jon A. and {Holzer}, Parker H. and {Huehnerhoff}, Joseph and {Hutchinson}, Timothy A. and {Hwang}, Ho Seong and {Ibarra-Medel}, H{\'e}ctor J. and {da Silva Ilha}, Gabriele and {Ivans}, Inese I. and {Ivory}, KeShawn and {Jackson}, Kelly and {Jensen}, Trey W. and {Johnson}, Jennifer A. and {Jones}, Amy and {J{\"o}nsson}, Henrik and {Jullo}, Eric and {Kamble}, Vikrant and {Kinemuchi}, Karen and {Kirkby}, David and {Kitaura}, Francisco-Shu and {Klaene}, Mark and {Knapp}, Gillian R. and {Kneib}, Jean-Paul and {Kollmeier}, Juna A. and {Lacerna}, Ivan and {Lane}, Richard R. and {Lang}, Dustin and {Law}, David R. and {Lazarz}, Daniel and {Lee}, Youngbae and {Le Goff}, Jean-Marc and {Liang}, Fu-Heng and {Li}, Cheng and {Li}, Hongyu and {Lian}, Jianhui and {Lima}, Marcos and {Lin}, Lihwai and {Lin}, Yen-Ting and {Bertran de Lis}, Sara and {Liu}, Chao and {de Icaza Lizaola}, Miguel Angel C. and {Long}, Dan and {Lucatello}, Sara and {Lundgren}, Britt and {MacDonald}, Nicholas K. and {Deconto Machado}, Alice and {MacLeod}, Chelsea L. and {Mahadevan}, Suvrath and {Geimba Maia}, Marcio Antonio and {Maiolino}, Roberto and {Majewski}, Steven R. and {Malanushenko}, Elena and {Malanushenko}, Viktor and {Manchado}, Arturo and {Mao}, Shude and {Maraston}, Claudia and {Marques-Chaves}, Rui and {Masseron}, Thomas and {Masters}, Karen L. and {McBride}, Cameron K. and {McDermid}, Richard M. and {McGrath}, Brianne and {McGreer}, Ian D. and {Medina Pe{\~n}a}, Nicol{\'a}s and {Melendez}, Matthew and {Merloni}, Andrea and {Merrifield}, Michael R. and {Meszaros}, Szabolcs and {Meza}, Andres and {Minchev}, Ivan and {Minniti}, Dante and {Miyaji}, Takamitsu and {More}, Surhud and {Mulchaey}, John and {M{\"u}ller-S{\'a}nchez}, Francisco and {Muna}, Demitri and {Munoz}, Ricardo R. and {Myers}, Adam D. and {Nair}, Preethi and {Nandra}, Kirpal and {Correa do Nascimento}, Janaina and {Negrete}, Alenka and {Ness}, Melissa and {Newman}, Jeffrey A. and {Nichol}, Robert C. and {Nidever}, David L. and {Nitschelm}, Christian and {Ntelis}, Pierros and {O'Connell}, Julia E. and {Oelkers}, Ryan J. and {Oravetz}, Audrey and {Oravetz}, Daniel and {Pace}, Zach and {Padilla}, Nelson and {Palanque-Delabrouille}, Nathalie and {Alonso Palicio}, Pedro and {Pan}, Kaike and {Parejko}, John K. and {Parikh}, Taniya and {P{\^a}ris}, Isabelle and {Park}, Changbom and {Patten}, Alim Y. and {Peirani}, Sebastien and {Pellejero-Ibanez}, Marcos and {Penny}, Samantha and {Percival}, Will J. and {Perez-Fournon}, Ismael and {Petitjean}, Patrick and {Pieri}, Matthew M. and {Pinsonneault}, Marc and {Pisani}, Alice and {Poleski}, Rados{\l}aw and {Prada}, Francisco and {Prakash}, Abhishek and {Queiroz}, Anna B{\'a}rbara de Andrade and {Raddick}, M. Jordan and {Raichoor}, Anand and {Barboza Rembold}, Sandro and {Richstein}, Hannah and {Riffel}, Rogemar A. and {Riffel}, Rog{\'e}rio and {Rix}, Hans-Walter and {Robin}, Annie C. and {Rockosi}, Constance M. and {Rodr{\'\i}guez-Torres}, Sergio and {Roman-Lopes}, A. and {Rom{\'a}n-Z{\'u}{\~n}iga}, Carlos and {Rosado}, Margarita and {Ross}, Ashley J. and {Rossi}, Graziano and {Ruan}, John and {Ruggeri}, Rossana and {Rykoff}, Eli S. and {Salazar-Albornoz}, Salvador and {Salvato}, Mara and {S{\'a}nchez}, Ariel G. and {Aguado}, D.~S. and {S{\'a}nchez-Gallego}, Jos{\'e} R. and {Santana}, Felipe A. and {Santiago}, Bas{\'\i}lio Xavier and {Sayres}, Conor and {Schiavon}, Ricardo P. and {da Silva Schimoia}, Jaderson and {Schlafly}, Edward F. and {Schlegel}, David J. and {Schneider}, Donald P. and {Schultheis}, Mathias and {Schuster}, William J. and {Schwope}, Axel and {Seo}, Hee-Jong and {Shao}, Zhengyi and {Shen}, Shiyin and {Shetrone}, Matthew and {Shull}, Michael and {Simon}, Joshua D. and {Skinner}, Danielle and {Skrutskie}, M.~F. and {Slosar}, An{\v{z}}e and {Smith}, Verne V. and {Sobeck}, Jennifer S. and {Sobreira}, Flavia and {Somers}, Garrett and {Souto}, Diogo and {Stark}, David V. and {Stassun}, Keivan and {Stauffer}, Fritz and {Steinmetz}, Matthias and {Storchi-Bergmann}, Thaisa and {Streblyanska}, Alina and {Stringfellow}, Guy S. and {Su{\'a}rez}, Genaro and {Sun}, Jing and {Suzuki}, Nao and {Szigeti}, Laszlo and {Taghizadeh-Popp}, Manuchehr and {Tang}, Baitian and {Tao}, Charling and {Tayar}, Jamie and {Tembe}, Mita and {Teske}, Johanna and {Thakar}, Aniruddha R. and {Thomas}, Daniel and {Thompson}, Benjamin A. and {Tinker}, Jeremy L. and {Tissera}, Patricia and {Tojeiro}, Rita and {Hernandez Toledo}, Hector and {de la Torre}, Sylvain and {Tremonti}, Christy and {Troup}, Nicholas W. and {Valenzuela}, Octavio and {Martinez Valpuesta}, Inma and {Vargas-Gonz{\'a}lez}, Jaime and {Vargas-Maga{\~n}a}, Mariana and {Vazquez}, Jose Alberto and {Villanova}, Sandro and {Vivek}, M. and {Vogt}, Nicole and {Wake}, David and {Walterbos}, Rene and {Wang}, Yuting and {Weaver}, Benjamin Alan and {Weijmans}, Anne-Marie and {Weinberg}, David H. and {Westfall}, Kyle B. and {Whelan}, David G. and {Wild}, Vivienne and {Wilson}, John and {Wood-Vasey}, W.~M. and {Wylezalek}, Dominika and {Xiao}, Ting and {Yan}, Renbin and {Yang}, Meng and {Ybarra}, Jason E. and {Y{\`e}che}, Christophe and {Zakamska}, Nadia and {Zamora}, Olga and {Zarrouk}, Pauline and {Zasowski}, Gail and {Zhang}, Kai and {Zhao}, Gong-Bo and {Zheng}, Zheng and {Zheng}, Zheng and {Zhou}, Xu and {Zhou}, Zhi-Min and {Zhu}, Guangtun B. and {Zoccali}, Manuela and {Zou}, Hu},
        title = "{Sloan Digital Sky Survey IV: Mapping the Milky Way, Nearby Galaxies, and the Distant Universe}",
      journal = {\aj},
     keywords = {cosmology: observations, galaxies: general, Galaxy: general, instrumentation: spectrographs, stars: general, surveys, Astrophysics - Astrophysics of Galaxies},
         year = 2017,
        month = jul,
       volume = {154},
       number = {1},
          eid = {28},
        pages = {28},
          doi = {10.3847/1538-3881/aa7567},
archivePrefix = {arXiv},
       eprint = {1703.00052},
 primaryClass = {astro-ph.GA},
       adsurl = {https://ui.adsabs.harvard.edu/abs/2017AJ....154...28B},
      adsnote = {Provided by the SAO/NASA Astrophysics Data System}
}



@ARTICLE{2015ApJ...798....7B,
       author = {{Bundy}, Kevin and {Bershady}, Matthew A. and {Law}, David R. and {Yan}, Renbin and {Drory}, Niv and {MacDonald}, Nicholas and {Wake}, David A. and {Cherinka}, Brian and {S{\'a}nchez-Gallego}, Jos{\'e} R. and {Weijmans}, Anne-Marie and {Thomas}, Daniel and {Tremonti}, Christy and {Masters}, Karen and {Coccato}, Lodovico and {Diamond-Stanic}, Aleksandar M. and {Arag{\'o}n-Salamanca}, Alfonso and {Avila-Reese}, Vladimir and {Badenes}, Carles and {Falc{\'o}n-Barroso}, J{\'e}sus and {Belfiore}, Francesco and {Bizyaev}, Dmitry and {Blanc}, Guillermo A. and {Bland-Hawthorn}, Joss and {Blanton}, Michael R. and {Brownstein}, Joel R. and {Byler}, Nell and {Cappellari}, Michele and {Conroy}, Charlie and {Dutton}, Aaron A. and {Emsellem}, Eric and {Etherington}, James and {Frinchaboy}, Peter M. and {Fu}, Hai and {Gunn}, James E. and {Harding}, Paul and {Johnston}, Evelyn J. and {Kauffmann}, Guinevere and {Kinemuchi}, Karen and {Klaene}, Mark A. and {Knapen}, Johan H. and {Leauthaud}, Alexie and {Li}, Cheng and {Lin}, Lihwai and {Maiolino}, Roberto and {Malanushenko}, Viktor and {Malanushenko}, Elena and {Mao}, Shude and {Maraston}, Claudia and {McDermid}, Richard M. and {Merrifield}, Michael R. and {Nichol}, Robert C. and {Oravetz}, Daniel and {Pan}, Kaike and {Parejko}, John K. and {Sanchez}, Sebastian F. and {Schlegel}, David and {Simmons}, Audrey and {Steele}, Oliver and {Steinmetz}, Matthias and {Thanjavur}, Karun and {Thompson}, Benjamin A. and {Tinker}, Jeremy L. and {van den Bosch}, Remco C.~E. and {Westfall}, Kyle B. and {Wilkinson}, David and {Wright}, Shelley and {Xiao}, Ting and {Zhang}, Kai},
        title = "{Overview of the SDSS-IV MaNGA Survey: Mapping nearby Galaxies at Apache Point Observatory}",
      journal = {\apj},
     keywords = {galaxies: evolution, galaxies: general, surveys, techniques: imaging spectroscopy, Astrophysics - Astrophysics of Galaxies},
         year = 2015,
        month = jan,
       volume = {798},
       number = {1},
          eid = {7},
        pages = {7},
          doi = {10.1088/0004-637X/798/1/7},
archivePrefix = {arXiv},
       eprint = {1412.1482},
 primaryClass = {astro-ph.GA},
       adsurl = {https://ui.adsabs.harvard.edu/abs/2015ApJ...798....7B},
      adsnote = {Provided by the SAO/NASA Astrophysics Data System}
}



@article{gao2020pile,
  title={The pile: An 800gb dataset of diverse text for language modeling},
  author={Gao, Leo and Biderman, Stella and Black, Sid and Golding, Laurence and Hoppe, Travis and Foster, Charles and Phang, Jason and He, Horace and Thite, Anish and Nabeshima, Noa and others},
  journal={arXiv preprint arXiv:2101.00027},
  year={2020}
}

@ARTICLE{Schuhmann2022,
       author = {{Schuhmann}, Christoph and {Beaumont}, Romain and {Vencu}, Richard and {Gordon}, Cade and {Wightman}, Ross and {Cherti}, Mehdi and {Coombes}, Theo and {Katta}, Aarush and {Mullis}, Clayton and {Wortsman}, Mitchell and {Schramowski}, Patrick and {Kundurthy}, Srivatsa and {Crowson}, Katherine and {Schmidt}, Ludwig and {Kaczmarczyk}, Robert and {Jitsev}, Jenia},
        title = "{LAION-5B: An open large-scale dataset for training next generation image-text models}",
      journal = {arXiv e-prints},
     keywords = {Computer Science - Computer Vision and Pattern Recognition, Computer Science - Artificial Intelligence, Computer Science - Machine Learning},
         year = 2022,
        month = oct,
          eid = {arXiv:2210.08402},
        pages = {arXiv:2210.08402},
          doi = {10.48550/arXiv.2210.08402},
archivePrefix = {arXiv},
       eprint = {2210.08402},
 primaryClass = {cs.CV},
       adsurl = {https://ui.adsabs.harvard.edu/abs/2022arXiv221008402S},
      adsnote = {Provided by the SAO/NASA Astrophysics Data System}
}


@ARTICLE{Stein2022,
       author = {{Stein}, George and {Blaum}, Jacqueline and {Harrington}, Peter and {Medan}, Tomislav and {Luki{\'c}}, Zarija},
        title = "{Mining for Strong Gravitational Lenses with Self-supervised Learning}",
      journal = {\apj},
     keywords = {Sky surveys, Strong gravitational lensing, Convolutional neural networks, 1464, 1643, 1938, Astrophysics - Instrumentation and Methods for Astrophysics, Astrophysics - Cosmology and Nongalactic Astrophysics, Computer Science - Computer Vision and Pattern Recognition},
         year = 2022,
        month = jun,
       volume = {932},
       number = {2},
          eid = {107},
        pages = {107},
          doi = {10.3847/1538-4357/ac6d63},
archivePrefix = {arXiv},
       eprint = {2110.00023},
 primaryClass = {astro-ph.IM},
       adsurl = {https://ui.adsabs.harvard.edu/abs/2022ApJ...932..107S},
      adsnote = {Provided by the SAO/NASA Astrophysics Data System}
}

@ARTICLE{Stein2021,
       author = {{Stein}, George and {Harrington}, Peter and {Blaum}, Jacqueline and {Medan}, Tomislav and {Lukic}, Zarija},
        title = "{Self-supervised similarity search for large scientific datasets}",
      journal = {arXiv e-prints},
     keywords = {Astrophysics - Instrumentation and Methods for Astrophysics, Astrophysics - Astrophysics of Galaxies, Computer Science - Computer Vision and Pattern Recognition},
         year = 2021,
        month = oct,
          eid = {arXiv:2110.13151},
        pages = {arXiv:2110.13151},
          doi = {10.48550/arXiv.2110.13151},
archivePrefix = {arXiv},
       eprint = {2110.13151},
 primaryClass = {astro-ph.IM},
       adsurl = {https://ui.adsabs.harvard.edu/abs/2021arXiv211013151S},
      adsnote = {Provided by the SAO/NASA Astrophysics Data System}
}



@ARTICLE{lochner2016,
       author = {{Lochner}, Michelle and {McEwen}, Jason D. and {Peiris}, Hiranya V. and {Lahav}, Ofer and {Winter}, Max K.},
        title = "{Photometric Supernova Classification with Machine Learning}",
      journal = {\apjs},
     keywords = {cosmology: observations, methods: data analysis, supernovae: general, Astrophysics - Instrumentation and Methods for Astrophysics, Astrophysics - Cosmology and Nongalactic Astrophysics},
         year = 2016,
        month = aug,
       volume = {225},
       number = {2},
          eid = {31},
        pages = {31},
          doi = {10.3847/0067-0049/225/2/31},
archivePrefix = {arXiv},
       eprint = {1603.00882},
 primaryClass = {astro-ph.IM},
       adsurl = {https://ui.adsabs.harvard.edu/abs/2016ApJS..225...31L},
      adsnote = {Provided by the SAO/NASA Astrophysics Data System}
}

@software{lochner2021,
       author = {{Lochner}, Michelle and {Alves}, Catarina and {Peiris}, Hiranya and {McEwen}, Jason and {Allam}, Tarek, Jr. and {Biswas}, Rahul and {Holland}, Johnny and {Lahav}, Ofer and {Schuhmann}, Robert and {Setzer}, Christian and {Winter}, Max},
        title = "{snmachine: Photometric supernova classification}",
 howpublished = {Astrophysics Source Code Library, record ascl:2107.006},
         year = 2021,
        month = jul,
          eid = {ascl:2107.006},
       adsurl = {https://ui.adsabs.harvard.edu/abs/2021ascl.soft07006L},
      adsnote = {Provided by the SAO/NASA Astrophysics Data System}
}

@ARTICLE{alves2022,
       author = {{Alves}, Catarina S. and {Peiris}, Hiranya V. and {Lochner}, Michelle and {McEwen}, Jason D. and {Allam}, Tarek and {Biswas}, Rahul and {LSST Dark Energy Science Collaboration}},
        title = "{Considerations for Optimizing the Photometric Classification of Supernovae from the Rubin Observatory}",
      journal = {\apjs},
     keywords = {343, 1668, 1855, 1866, 1858, 1907, 1954, Astrophysics - Instrumentation and Methods for Astrophysics, Astrophysics - Cosmology and Nongalactic Astrophysics},
         year = 2022,
        month = feb,
       volume = {258},
       number = {2},
          eid = {23},
        pages = {23},
          doi = {10.3847/1538-4365/ac3479},
archivePrefix = {arXiv},
       eprint = {2107.07531},
 primaryClass = {astro-ph.IM},
       adsurl = {https://ui.adsabs.harvard.edu/abs/2022ApJS..258...23A},
      adsnote = {Provided by the SAO/NASA Astrophysics Data System}
}

@inproceedings{he2016deep,
  title={Deep residual learning for image recognition},
  author={He, Kaiming and Zhang, Xiangyu and Ren, Shaoqing and Sun, Jian},
  booktitle={Proceedings of the IEEE conference on computer vision and pattern recognition},
  pages={770--778},
  year={2016}
}


@InProceedings{efficientnet,
  title = 	 {{E}fficient{N}et: Rethinking Model Scaling for Convolutional Neural Networks},
  author =       {Tan, Mingxing and Le, Quoc},
  booktitle = 	 {Proceedings of the 36th International Conference on Machine Learning},
  pages = 	 {6105--6114},
  year = 	 {2019},
  editor = 	 {Chaudhuri, Kamalika and Salakhutdinov, Ruslan},
  volume = 	 {97},
  series = 	 {Proceedings of Machine Learning Research},
  month = 	 {09--15 Jun},
  publisher =    {PMLR},
  pdf = 	 {http://proceedings.mlr.press/v97/tan19a/tan19a.pdf},
  url = 	 {https://proceedings.mlr.press/v97/tan19a.html},
  abstract = 	 {Convolutional Neural Networks (ConvNets) are commonly developed at a fixed resource budget, and then scaled up for better accuracy if more resources are given. In this paper, we systematically study model scaling and identify that carefully balancing network depth, width, and resolution can lead to better performance. Based on this observation, we propose a new scaling method that uniformly scales all dimensions of depth/width/resolution using a simple yet highly effective compound coefficient. We demonstrate the effectiveness of this method on MobileNets and ResNet. To go even further, we use neural architecture search to design a new baseline network and scale it up to obtain a family of models, called EfficientNets, which achieve much better accuracy and efficiency than previous ConvNets. In particular, our EfficientNet-B7 achieves stateof-the-art 84.4% top-1 / 97.1% top-5 accuracy on ImageNet, while being 8.4x smaller and 6.1x faster on inference than the best existing ConvNet (Huang et al., 2018). Our EfficientNets also transfer well and achieve state-of-the-art accuracy on CIFAR-100 (91.7%), Flower (98.8%), and 3 other transfer learning datasets, with an order of magnitude fewer parameters.}
}

@article{kingma2014adam,
  title={Adam: A method for stochastic optimization},
  author={Kingma, Diederik P and Ba, Jimmy},
  journal={arXiv preprint arXiv:1412.6980},
  year={2014}
}

@inproceedings{huang2017densely,
  title={Densely connected convolutional networks},
  author={Huang, Gao and Liu, Zhuang and Van Der Maaten, Laurens and Weinberger, Kilian Q},
  booktitle={Proceedings of the IEEE conference on computer vision and pattern recognition},
  pages={4700--4708},
  year={2017}
}


@ARTICLE{moller2016,
       author = {{M{\"o}ller}, A. and {Ruhlmann-Kleider}, V. and {Leloup}, C. and {Neveu}, J. and {Palanque-Delabrouille}, N. and {Rich}, J. and {Carlberg}, R. and {Lidman}, C. and {Pritchet}, C.},
        title = "{Photometric classification of type Ia supernovae in the SuperNova Legacy Survey with supervised learning}",
      journal = {\jcap},
     keywords = {Astrophysics - Instrumentation and Methods for Astrophysics, Astrophysics - Cosmology and Nongalactic Astrophysics},
         year = 2016,
        month = dec,
       volume = {2016},
       number = {12},
          eid = {008},
        pages = {008},
          doi = {10.1088/1475-7516/2016/12/008},
archivePrefix = {arXiv},
       eprint = {1608.05423},
 primaryClass = {astro-ph.IM},
       adsurl = {https://ui.adsabs.harvard.edu/abs/2016JCAP...12..008M},
      adsnote = {Provided by the SAO/NASA Astrophysics Data System}
}

@ARTICLE{dobryakov2021,
       author = {{Dobryakov}, S. and {Malanchev}, K. and {Derkach}, D. and {Hushchyn}, M.},
        title = "{Photometric data-driven classification of Type Ia supernovae in the open Supernova Catalog}",
      journal = {Astronomy and Computing},
     keywords = {Supernovae, Machine learning, Data-driven, Astrophysics - Instrumentation and Methods for Astrophysics, Computer Science - Machine Learning, Statistics - Machine Learning},
         year = 2021,
        month = apr,
       volume = {35},
          eid = {100451},
        pages = {100451},
          doi = {10.1016/j.ascom.2021.100451},
archivePrefix = {arXiv},
       eprint = {2006.10489},
 primaryClass = {astro-ph.IM},
       adsurl = {https://ui.adsabs.harvard.edu/abs/2021A&C....3500451D},
      adsnote = {Provided by the SAO/NASA Astrophysics Data System}
}

@ARTICLE{qu2021,
       author = {{Qu}, Helen and {Sako}, Masao and {M{\"o}ller}, Anais and {Doux}, Cyrille},
        title = "{SCONE: Supernova Classification with a Convolutional Neural Network}",
      journal = {\aj},
     keywords = {Type Ia supernovae, Classification, Convolutional neural networks, Supernovae, Gaussian Processes regression, 1728, 1907, 1938, 1668, 1930, Astrophysics - Instrumentation and Methods for Astrophysics, Astrophysics - Cosmology and Nongalactic Astrophysics},
         year = 2021,
        month = aug,
       volume = {162},
       number = {2},
          eid = {67},
        pages = {67},
          doi = {10.3847/1538-3881/ac0824},
archivePrefix = {arXiv},
       eprint = {2106.04370},
 primaryClass = {astro-ph.IM},
       adsurl = {https://ui.adsabs.harvard.edu/abs/2021AJ....162...67Q},
      adsnote = {Provided by the SAO/NASA Astrophysics Data System}
}

@ARTICLE{hlozek2023,
       author = {{Hlo{\v{z}}ek}, R. and {Malz}, A.~I. and {Ponder}, K.~A. and {Dai}, M. and {Narayan}, G. and {Ishida}, E.~E.~O. and {Allam}, T., Jr. and {Bahmanyar}, A. and {Bi}, X. and {Biswas}, R. and {Boone}, K. and {Chen}, S. and {Du}, N. and {Erdem}, A. and {Galbany}, L. and {Garreta}, A. and {Jha}, S.~W. and {Jones}, D.~O. and {Kessler}, R. and {Lin}, M. and {Liu}, J. and {Lochner}, M. and {Mahabal}, A.~A. and {Mandel}, K.~S. and {Margolis}, P. and {Mart{\'\i}nez-Galarza}, J.~R. and {McEwen}, J.~D. and {Muthukrishna}, D. and {Nakatsuka}, Y. and {Noumi}, T. and {Oya}, T. and {Peiris}, H.~V. and {Peters}, C.~M. and {Puget}, J.~F. and {Setzer}, C.~N. and {Siddhartha} and {Stefanov}, S. and {Xie}, T. and {Yan}, L. and {Yeh}, K. -H. and {Zuo}, W.},
        title = "{Results of the Photometric LSST Astronomical Time-series Classification Challenge (PLAsTiCC)}",
      journal = {\apjs},
     keywords = {Astrostatistics, Observational cosmology, Transient detection, Astronomy software, 1882, 1146, 1957, 1855, Astrophysics - Instrumentation and Methods for Astrophysics, Astrophysics - Cosmology and Nongalactic Astrophysics, Astrophysics - High Energy Astrophysical Phenomena},
         year = 2023,
        month = aug,
       volume = {267},
       number = {2},
          eid = {25},
        pages = {25},
          doi = {10.3847/1538-4365/accd6a},
archivePrefix = {arXiv},
       eprint = {2012.12392},
 primaryClass = {astro-ph.IM},
       adsurl = {https://ui.adsabs.harvard.edu/abs/2023ApJS..267...25H},
      adsnote = {Provided by the SAO/NASA Astrophysics Data System}
}

@article{Parker2024,
  author = {Liam Parker and Francois Lanusse and Siavash Golkar and Leopoldo Sarra and Miles Cranmer and Alberto Bietti and Michael Eickenberg and Geraud Krawezik and Michael McCabe and Rudy Morel and Ruben Ohana and Mariel Pettee and Bruno Régaldo-Saint Blancard and Kyunghyun Cho and Shirley Ho and The Polymathic AI Collaboration},
  title = {AstroCLIP: A Cross-Modal Foundation Model for Galaxies},
  journal = {To be published},
  year = {2024},
  address = {162 5th Ave, New York, NY, 10010, USA},
  note = {E-mail: lparker@flatironinstitute.org, Present Address: 162 5th Ave, New York, NY 10010, USA}
}


@ARTICLE{villar2019,
       author = {{Villar}, V.~A. and {Berger}, E. and {Miller}, G. and {Chornock}, R. and {Rest}, A. and {Jones}, D.~O. and {Drout}, M.~R. and {Foley}, R.~J. and {Kirshner}, R. and {Lunnan}, R. and {Magnier}, E. and {Milisavljevic}, D. and {Sanders}, N. and {Scolnic}, D.},
        title = "{Supernova Photometric Classification Pipelines Trained on Spectroscopically Classified Supernovae from the Pan-STARRS1 Medium-deep Survey}",
      journal = {\apj},
     keywords = {supernovae: general, surveys, techniques: photometric, Astrophysics - High Energy Astrophysical Phenomena, Astrophysics - Solar and Stellar Astrophysics},
         year = 2019,
        month = oct,
       volume = {884},
       number = {1},
          eid = {83},
        pages = {83},
          doi = {10.3847/1538-4357/ab418c},
archivePrefix = {arXiv},
       eprint = {1905.07422},
 primaryClass = {astro-ph.HE},
       adsurl = {https://ui.adsabs.harvard.edu/abs/2019ApJ...884...83V},
      adsnote = {Provided by the SAO/NASA Astrophysics Data System}
}

@article{melchior2023autoencoding,
  title={Autoencoding Galaxy Spectra. I. Architecture},
  author={Melchior, Peter and Liang, Yan and Hahn, ChangHoon and Goulding, Andy},
  journal={The Astronomical Journal},
  volume={166},
  number={2},
  pages={74},
  year={2023},
  publisher={IOP Publishing}
}

@ARTICLE{burhanudin2023,
       author = {{Burhanudin}, Umar F. and {Maund}, Justyn R.},
        title = "{Pan-chromatic photometric classification of supernovae from multiple surveys and transfer learning for future surveys}",
      journal = {\mnras},
     keywords = {methods: data analysis, techniques: photometric, catalogues, transients: supernovae, Astrophysics - Instrumentation and Methods for Astrophysics, Astrophysics - Solar and Stellar Astrophysics},
         year = 2023,
        month = may,
       volume = {521},
       number = {2},
        pages = {1601-1619},
          doi = {10.1093/mnras/stac3672},
archivePrefix = {arXiv},
       eprint = {2208.01328},
 primaryClass = {astro-ph.IM},
       adsurl = {https://ui.adsabs.harvard.edu/abs/2023MNRAS.521.1601B},
      adsnote = {Provided by the SAO/NASA Astrophysics Data System}
}

@ARTICLE{burhanudin2021,
       author = {{Burhanudin}, U.~F. and {Maund}, J.~R. and {Killestein}, T. and {Ackley}, K. and {Dyer}, M.~J. and {Lyman}, J. and {Ulaczyk}, K. and {Cutter}, R. and {Mong}, Y. -L. and {Steeghs}, D. and {Galloway}, D.~K. and {Dhillon}, V. and {O'Brien}, P. and {Ramsay}, G. and {Noysena}, K. and {Kotak}, R. and {Breton}, R.~P. and {Nuttall}, L. and {Pall{\'e}}, E. and {Pollacco}, D. and {Thrane}, E. and {Awiphan}, S. and {Chote}, P. and {Chrimes}, A. and {Daw}, E. and {Duffy}, C. and {Eyles-Ferris}, R. and {Gompertz}, B. and {Heikkil{\"a}}, T. and {Irawati}, P. and {Kennedy}, M.~R. and {Levan}, A. and {Littlefair}, S. and {Makrygianni}, L. and {Mata-S{\'a}nchez}, D. and {Mattila}, S. and {McCormac}, J. and {Mkrtichian}, D. and {Mullaney}, J. and {Sawangwit}, U. and {Stanway}, E. and {Starling}, R. and {Str{\o}m}, P. and {Tooke}, S. and {Wiersema}, K.},
        title = "{Light-curve classification with recurrent neural networks for GOTO: dealing with imbalanced data}",
      journal = {\mnras},
     keywords = {methods: data analysis, techniques: photometric, survey, Astrophysics - Instrumentation and Methods for Astrophysics},
         year = 2021,
        month = aug,
       volume = {505},
       number = {3},
        pages = {4345-4361},
          doi = {10.1093/mnras/stab1545},
archivePrefix = {arXiv},
       eprint = {2105.11169},
 primaryClass = {astro-ph.IM},
       adsurl = {https://ui.adsabs.harvard.edu/abs/2021MNRAS.505.4345B},
      adsnote = {Provided by the SAO/NASA Astrophysics Data System}
}

@article{smith2023aem,
	author = {Smith, M. J. and Geach, J. E.},
	title = {{Astronomia ex machina: a history, primer and outlook on neural networks in astronomy}},
	journal = {Royal Society Open Science},
	volume = {10},
	number = {5},
	year = {2023},
	issn = {2054-5703},
	publisher = {The Royal Society},
	doi = {10.1098/rsos.221454}
}

@ARTICLE{kessler2010,
       author = {{Kessler}, Richard and {Bassett}, Bruce and {Belov}, Pavel and {Bhatnagar}, Vasudha and {Campbell}, Heather and {Conley}, Alex and {Frieman}, Joshua A. and {Glazov}, Alexandre and {Gonz{\'a}lez-Gait{\'a}n}, Santiago and {Hlozek}, Ren{\'e}e and {Jha}, Saurabh and {Kuhlmann}, Stephen and {Kunz}, Martin and {Lampeitl}, Hubert and {Mahabal}, Ashish and {Newling}, James and {Nichol}, Robert C. and {Parkinson}, David and {Sajeeth Philip}, Ninan and {Poznanski}, Dovi and {Richards}, Joseph W. and {Rodney}, Steven A. and {Sako}, Masao and {Schneider}, Donald P. and {Smith}, Mathew and {Stritzinger}, Maximilian and {Varughese}, Melvin},
        title = "{Results from the Supernova Photometric Classification Challenge}",
      journal = {\pasp},
     keywords = {Astrophysics - Cosmology and Extragalactic Astrophysics},
         year = 2010,
        month = dec,
       volume = {122},
       number = {898},
        pages = {1415},
          doi = {10.1086/657607},
archivePrefix = {arXiv},
       eprint = {1008.1024},
 primaryClass = {astro-ph.CO},
       adsurl = {https://ui.adsabs.harvard.edu/abs/2010PASP..122.1415K},
      adsnote = {Provided by the SAO/NASA Astrophysics Data System}
}

@ARTICLE{leoni2022,
       author = {{Leoni}, M. and {Ishida}, E.~E.~O. and {Peloton}, J. and {M{\"o}ller}, A.},
        title = "{Fink: Early supernovae Ia classification using active learning}",
      journal = {\aap},
     keywords = {methods: data analysis, supernovae: general, methods: statistical, Astrophysics - Instrumentation and Methods for Astrophysics, Astrophysics - Cosmology and Nongalactic Astrophysics, Computer Science - Machine Learning},
         year = 2022,
        month = jul,
       volume = {663},
          eid = {A13},
        pages = {A13},
          doi = {10.1051/0004-6361/202142715},
archivePrefix = {arXiv},
       eprint = {2111.11438},
 primaryClass = {astro-ph.IM},
       adsurl = {https://ui.adsabs.harvard.edu/abs/2022A&A...663A..13L},
      adsnote = {Provided by the SAO/NASA Astrophysics Data System}
}

@ARTICLE{pedregosa2011,
       author = {{Pedregosa}, Fabian and {Varoquaux}, Ga{\"e}l and {Gramfort}, Alexandre and {Michel}, Vincent and {Thirion}, Bertrand and {Grisel}, Olivier and {Blondel}, Mathieu and {M{\"u}ller}, Andreas and {Nothman}, Joel and {Louppe}, Gilles and {Prettenhofer}, Peter and {Weiss}, Ron and {Dubourg}, Vincent and {Vanderplas}, Jake and {Passos}, Alexandre and {Cournapeau}, David and {Brucher}, Matthieu and {Perrot}, Matthieu and {Duchesnay}, {\'E}douard},
        title = "{Scikit-learn: Machine Learning in Python}",
      journal = {Journal of Machine Learning Research},
     keywords = {Python, supervised learning, unsupervised learning, model selection, Computer Science - Machine Learning, Computer Science - Mathematical Software},
         year = 2011,
        month = oct,
       volume = {12},
        pages = {2825-2830},
          doi = {10.48550/arXiv.1201.0490},
archivePrefix = {arXiv},
       eprint = {1201.0490},
 primaryClass = {cs.LG},
       adsurl = {https://ui.adsabs.harvard.edu/abs/2011JMLR...12.2825P},
      adsnote = {Provided by the SAO/NASA Astrophysics Data System}
}

@ARTICLE{newling2012,
       author = {{Newling}, J. and {Bassett}, B. and {Hlozek}, R. and {Kunz}, M. and {Smith}, M. and {Varughese}, M.},
        title = "{Parameter estimation with Bayesian estimation applied to multiple species in the presence of biases and correlations}",
      journal = {\mnras},
     keywords = {methods: data analysis, methods: statistical, supernovae: general, cosmological parameters, Astrophysics - Instrumentation and Methods for Astrophysics, Astrophysics - Cosmology and Nongalactic Astrophysics, Statistics - Applications},
         year = 2012,
        month = apr,
       volume = {421},
       number = {2},
        pages = {913-925},
          doi = {10.1111/j.1365-2966.2011.20147.x},
archivePrefix = {arXiv},
       eprint = {1110.6178},
 primaryClass = {astro-ph.IM},
       adsurl = {https://ui.adsabs.harvard.edu/abs/2012MNRAS.421..913N},
      adsnote = {Provided by the SAO/NASA Astrophysics Data System}
}

@ARTICLE{karpenka2013,
       author = {{Karpenka}, N.~V. and {Feroz}, F. and {Hobson}, M.~P.},
        title = "{A simple and robust method for automated photometric classification of supernovae using neural networks}",
      journal = {\mnras},
     keywords = {methods: data analysis, methods: statistical, supernovae: general, Astrophysics - Cosmology and Nongalactic Astrophysics, Astrophysics - Instrumentation and Methods for Astrophysics},
         year = 2013,
        month = feb,
       volume = {429},
       number = {2},
        pages = {1278-1285},
          doi = {10.1093/mnras/sts412},
archivePrefix = {arXiv},
       eprint = {1208.1264},
 primaryClass = {astro-ph.CO},
       adsurl = {https://ui.adsabs.harvard.edu/abs/2013MNRAS.429.1278K},
      adsnote = {Provided by the SAO/NASA Astrophysics Data System}
}

@article{lee2019, doi = {10.21105/joss.01237}, url = {https://doi.org/10.21105/joss.01237}, year = {2019}, publisher = {The Open Journal}, volume = {4}, number = {36}, pages = {1237}, author = {Gregory R. Lee and Ralf Gommers and Filip Waselewski and Kai Wohlfahrt and Aaron O'Leary}, title = {PyWavelets: A Python package for wavelet analysis}, journal = {Journal of Open Source Software} }

@ARTICLE{brown2014,
       author = {{Brown}, Peter J. and {Breeveld}, Alice A. and {Holland}, Stephen and {Kuin}, Paul and {Pritchard}, Tyler},
        title = "{SOUSA: the Swift Optical/Ultraviolet Supernova Archive}",
      journal = {\apss},
     keywords = {Supernovae, Ultraviolet, Astrophysics - High Energy Astrophysical Phenomena, Astrophysics - Cosmology and Nongalactic Astrophysics},
         year = 2014,
        month = nov,
       volume = {354},
       number = {1},
        pages = {89-96},
          doi = {10.1007/s10509-014-2059-8},
archivePrefix = {arXiv},
       eprint = {1407.3808},
 primaryClass = {astro-ph.HE},
       adsurl = {https://ui.adsabs.harvard.edu/abs/2014Ap&SS.354...89B},
      adsnote = {Provided by the SAO/NASA Astrophysics Data System}
}

@ARTICLE{guy2010,
       author = {{Guy}, J. and {Sullivan}, M. and {Conley}, A. and {Regnault}, N. and {Astier}, P. and {Balland}, C. and {Basa}, S. and {Carlberg}, R.~G. and {Fouchez}, D. and {Hardin}, D. and {Hook}, I.~M. and {Howell}, D.~A. and {Pain}, R. and {Palanque-Delabrouille}, N. and {Perrett}, K.~M. and {Pritchet}, C.~J. and {Rich}, J. and {Ruhlmann-Kleider}, V. and {Balam}, D. and {Baumont}, S. and {Ellis}, R.~S. and {Fabbro}, S. and {Fakhouri}, H.~K. and {Fourmanoit}, N. and {Gonz{\'a}lez-Gait{\'a}n}, S. and {Graham}, M.~L. and {Hsiao}, E. and {Kronborg}, T. and {Lidman}, C. and {Mourao}, A.~M. and {Perlmutter}, S. and {Ripoche}, P. and {Suzuki}, N. and {Walker}, E.~S.},
        title = "{The Supernova Legacy Survey 3-year sample: Type Ia supernovae photometric distances and cosmological constraints}",
      journal = {\aap},
     keywords = {supernovae: general, cosmology: observations, Astrophysics - Cosmology and Nongalactic Astrophysics},
         year = 2010,
        month = nov,
       volume = {523},
          eid = {A7},
        pages = {A7},
          doi = {10.1051/0004-6361/201014468},
archivePrefix = {arXiv},
       eprint = {1010.4743},
 primaryClass = {astro-ph.CO},
       adsurl = {https://ui.adsabs.harvard.edu/abs/2010A&A...523A...7G},
      adsnote = {Provided by the SAO/NASA Astrophysics Data System}
}


@article{scolnic2018,
doi = {10.3847/1538-4357/aab9bb},
url = {https://dx.doi.org/10.3847/1538-4357/aab9bb},
year = {2018},
month = {may},
publisher = {The American Astronomical Society},
volume = {859},
number = {2},
pages = {101},
author = {D. M. Scolnic and D. O. Jones and A. Rest and Y. C. Pan and R. Chornock and R. J. Foley and M. E. Huber and R. Kessler and G. Narayan and A. G. Riess and S. Rodney and E. Berger and D. J. Brout and P. J. Challis and M. Drout and D. Finkbeiner and R. Lunnan and R. P. Kirshner and N. E. Sanders and E. Schlafly and S. Smartt and C. W. Stubbs and J. Tonry and W. M. Wood-Vasey and M. Foley and J. Hand and E. Johnson and W. S. Burgett and K. C. Chambers and P. W. Draper and K. W. Hodapp and N. Kaiser and R. P. Kudritzki and E. A. Magnier and N. Metcalfe and F. Bresolin and E. Gall and R. Kotak and M. McCrum and K. W. Smith},
title = {The Complete Light-curve Sample of Spectroscopically Confirmed SNe Ia from Pan-STARRS1 and Cosmological Constraints from the Combined Pantheon Sample},
journal = {The Astrophysical Journal},
abstract = {We present optical light curves, redshifts, and classifications for spectroscopically confirmed Type Ia supernovae (SNe Ia) discovered by the Pan-STARRS1 (PS1) Medium Deep Survey. We detail improvements to the PS1 SN photometry, astrometry, and calibration that reduce the systematic uncertainties in the PS1 SN Ia distances. We combine the subset of PS1 SNe Ia (0.03&lt;z&lt;0.68) with useful distance estimates of SNe Ia from the Sloan Digital Sky Survey (SDSS), SNLS, and various low-z and Hubble Space Telescope samples to form the largest combined sample of SNe Ia, consisting of a total of SNe Ia in the range of 0.01&lt;z&lt; 2.3, which we call the “Pantheon Sample.” When combining Planck 2015 cosmic microwave background (CMB) measurements with the Pantheon SN sample, we find  and  for the wCDM model. When the SN and CMB constraints are combined with constraints from BAO and local H0 measurements, the analysis yields the most precise measurement of dark energy to date:  and  for the CDM model. Tension with a cosmological constant previously seen in an analysis of PS1 and low-z SNe has diminished after an increase of 2× in the statistics of the PS1 sample, improved calibration and photometry, and stricter light-curve quality cuts. We find that the systematic uncertainties in our measurements of dark energy are almost as large as the statistical uncertainties, primarily due to limitations of modeling the low-redshift sample. This must be addressed for future progress in using SNe Ia to measure dark energy.}
}


@ARTICLE{brout2019,
       author = {{Brout}, D. and {Sako}, M. and {Scolnic}, D. and {Kessler}, R. and {D'Andrea}, C.~B. and {Davis}, T.~M. and {Hinton}, S.~R. and {Kim}, A.~G. and {Lasker}, J. and {Macaulay}, E. and {M{\"o}ller}, A. and {Nichol}, R.~C. and {Smith}, M. and {Sullivan}, M. and {Wolf}, R.~C. and {Allam}, S. and {Bassett}, B.~A. and {Brown}, P. and {Castander}, F.~J. and {Childress}, M. and {Foley}, R.~J. and {Galbany}, L. and {Herner}, K. and {Kasai}, E. and {March}, M. and {Morganson}, E. and {Nugent}, P. and {Pan}, Y. -C. and {Thomas}, R.~C. and {Tucker}, B.~E. and {Wester}, W. and {Abbott}, T.~M.~C. and {Annis}, J. and {Avila}, S. and {Bertin}, E. and {Brooks}, D. and {Burke}, D.~L. and {Carnero Rosell}, A. and {Carrasco Kind}, M. and {Carretero}, J. and {Crocce}, M. and {Cunha}, C.~E. and {da Costa}, L.~N. and {Davis}, C. and {De Vicente}, J. and {Desai}, S. and {Diehl}, H.~T. and {Doel}, P. and {Eifler}, T.~F. and {Flaugher}, B. and {Fosalba}, P. and {Frieman}, J. and {Garc{\'\i}a-Bellido}, J. and {Gaztanaga}, E. and {Gerdes}, D.~W. and {Goldstein}, D.~A. and {Gruen}, D. and {Gruendl}, R.~A. and {Gschwend}, J. and {Gutierrez}, G. and {Hartley}, W.~G. and {Hollowood}, D.~L. and {Honscheid}, K. and {James}, D.~J. and {Kuehn}, K. and {Kuropatkin}, N. and {Lahav}, O. and {Li}, T.~S. and {Lima}, M. and {Marshall}, J.~L. and {Martini}, P. and {Miquel}, R. and {Nord}, B. and {Plazas}, A.~A. and {Roodman}, A. and {Rykoff}, E.~S. and {Sanchez}, E. and {Scarpine}, V. and {Schindler}, R. and {Schubnell}, M. and {Serrano}, S. and {Sevilla-Noarbe}, I. and {Soares-Santos}, M. and {Sobreira}, F. and {Suchyta}, E. and {Swanson}, M.~E.~C. and {Tarle}, G. and {Thomas}, D. and {Tucker}, D.~L. and {Walker}, A.~R. and {Yanny}, B. and {Zhang}, Y. and {DES COLLABORATION}},
        title = "{First Cosmology Results Using Type Ia Supernovae from the Dark Energy Survey: Photometric Pipeline and Light-curve Data Release}",
      journal = {\apj},
     keywords = {cosmology: observations, supernovae: general, techniques: photometric, Astrophysics - Instrumentation and Methods for Astrophysics},
         year = 2019,
        month = mar,
       volume = {874},
       number = {1},
          eid = {106},
        pages = {106},
          doi = {10.3847/1538-4357/ab06c1},
archivePrefix = {arXiv},
       eprint = {1811.02378},
 primaryClass = {astro-ph.IM},
       adsurl = {https://ui.adsabs.harvard.edu/abs/2019ApJ...874..106B},
      adsnote = {Provided by the SAO/NASA Astrophysics Data System}
}


@ARTICLE{foundation2018,
       author = {{Foley}, Ryan J. and {Scolnic}, Daniel and {Rest}, Armin and {Jha}, S.~W. and {Pan}, Y. -C. and {Riess}, A.~G. and {Challis}, P. and {Chambers}, K.~C. and {Coulter}, D.~A. and {Dettman}, K.~G. and {Foley}, M.~M. and {Fox}, O.~D. and {Huber}, M.~E. and {Jones}, D.~O. and {Kilpatrick}, C.~D. and {Kirshner}, R.~P. and {Schultz}, A.~S.~B. and {Siebert}, M.~R. and {Flewelling}, H.~A. and {Gibson}, B. and {Magnier}, E.~A. and {Miller}, J.~A. and {Primak}, N. and {Smartt}, S.~J. and {Smith}, K.~W. and {Wainscoat}, R.~J. and {Waters}, C. and {Willman}, M.},
        title = "{The Foundation Supernova Survey: motivation, design, implementation, and first data release}",
      journal = {\mnras},
     keywords = {surveys, supernovae: general, dark energy, distance scale, cosmology: observations, Astrophysics - High Energy Astrophysical Phenomena, Astrophysics - Cosmology and Nongalactic Astrophysics},
         year = 2018,
        month = mar,
       volume = {475},
       number = {1},
        pages = {193-219},
          doi = {10.1093/mnras/stx3136},
archivePrefix = {arXiv},
       eprint = {1711.02474},
 primaryClass = {astro-ph.HE},
       adsurl = {https://ui.adsabs.harvard.edu/abs/2018MNRAS.475..193F},
      adsnote = {Provided by the SAO/NASA Astrophysics Data System}
}



@ARTICLE{foundation2019,
       author = {{Jones}, D.~O. and {Scolnic}, D.~M. and {Foley}, R.~J. and {Rest}, A. and {Kessler}, R. and {Challis}, P.~M. and {Chambers}, K.~C. and {Coulter}, D.~A. and {Dettman}, K.~G. and {Foley}, M.~M. and {Huber}, M.~E. and {Jha}, S.~W. and {Johnson}, E. and {Kilpatrick}, C.~D. and {Kirshner}, R.~P. and {Manuel}, J. and {Narayan}, G. and {Pan}, Y. -C. and {Riess}, A.~G. and {Schultz}, A.~S.~B. and {Siebert}, M.~R. and {Berger}, E. and {Chornock}, R. and {Flewelling}, H. and {Magnier}, E.~A. and {Smartt}, S.~J. and {Smith}, K.~W. and {Wainscoat}, R.~J. and {Waters}, C. and {Willman}, M.},
        title = "{The Foundation Supernova Survey: Measuring Cosmological Parameters with Supernovae from a Single Telescope}",
      journal = {\apj},
     keywords = {cosmology: observations, dark energy, supernovae: general, Astrophysics - Cosmology and Nongalactic Astrophysics},
         year = 2019,
        month = aug,
       volume = {881},
       number = {1},
          eid = {19},
        pages = {19},
          doi = {10.3847/1538-4357/ab2bec},
archivePrefix = {arXiv},
       eprint = {1811.09286},
 primaryClass = {astro-ph.CO},
       adsurl = {https://ui.adsabs.harvard.edu/abs/2019ApJ...881...19J},
      adsnote = {Provided by the SAO/NASA Astrophysics Data System}
}



@ARTICLE{pantheon+,
       author = {{Scolnic}, Dan and {Brout}, Dillon and {Carr}, Anthony and {Riess}, Adam G. and {Davis}, Tamara M. and {Dwomoh}, Arianna and {Jones}, David O. and {Ali}, Noor and {Charvu}, Pranav and {Chen}, Rebecca and {Peterson}, Erik R. and {Popovic}, Brodie and {Rose}, Benjamin M. and {Wood}, Charlotte M. and {Brown}, Peter J. and {Chambers}, Ken and {Coulter}, David A. and {Dettman}, Kyle G. and {Dimitriadis}, Georgios and {Filippenko}, Alexei V. and {Foley}, Ryan J. and {Jha}, Saurabh W. and {Kilpatrick}, Charles D. and {Kirshner}, Robert P. and {Pan}, Yen-Chen and {Rest}, Armin and {Rojas-Bravo}, Cesar and {Siebert}, Matthew R. and {Stahl}, Benjamin E. and {Zheng}, WeiKang},
        title = "{The Pantheon+ Analysis: The Full Data Set and Light-curve Release}",
      journal = {\apj},
     keywords = {Distance measure, Dark energy, 395, 351, Astrophysics - Cosmology and Nongalactic Astrophysics},
         year = 2022,
        month = oct,
       volume = {938},
       number = {2},
          eid = {113},
        pages = {113},
          doi = {10.3847/1538-4357/ac8b7a},
archivePrefix = {arXiv},
       eprint = {2112.03863},
 primaryClass = {astro-ph.CO},
       adsurl = {https://ui.adsabs.harvard.edu/abs/2022ApJ...938..113S},
      adsnote = {Provided by the SAO/NASA Astrophysics Data System}
}


@article{perkowski2024,
	author = {Perkowski, E. and Pan, R. and Nguyen, T. D. and Ting, Y.-S. and Kruk, S. and Zhang, T. and O{'}Neill, C. and Jablonska, M. and Sun, Z. and Smith, M. J. and Liu, H. and Schawinski, K. and Iyer, K. and Ciuc{\ifmmode\u{a}\else\u{a}\fi}, I. and Universetbd},
	title = {{AstroLLaMA-Chat: Scaling AstroLLaMA with Conversational and Diverse Datasets}},
	journal = {Research Notes of the AAS},
	volume = {8},
	number = {1},
	pages = {7},
	year = {2024},
	issn = {2515-5172},
	publisher = {The American Astronomical Society},
	doi = {10.3847/2515-5172/ad1abe}
}
@article{scodeggio2018vimos,
  title={The VIMOS Public Extragalactic Redshift Survey (VIPERS)-Full spectroscopic data and auxiliary information release (PDR-2)},
  author={Scodeggio, MARCO and Guzzo, L and Garilli, BIANCA and Granett, BR and Bolzonella, M and De La Torre, S and Abbas, U and Adami, C and Arnouts, S and Bottini, D and others},
  journal={Astronomy \& Astrophysics},
  volume={609},
  pages={A84},
  year={2018},
  publisher={EDP Sciences}
}

@article{Hahn_2023,
   title={The DESI PRObabilistic Value-added Bright Galaxy Survey (PROVABGS) Mock Challenge},
   volume={945},
   ISSN={1538-4357},
   url={http://dx.doi.org/10.3847/1538-4357/ac8983},
   DOI={10.3847/1538-4357/ac8983},
   number={1},
   journal={The Astrophysical Journal},
   publisher={American Astronomical Society},
   author={Hahn, ChangHoon and Kwon, K. J. and Tojeiro, Rita and Siudek, Malgorzata and Canning, Rebecca E. A. and Mezcua, Mar and Tinker, Jeremy L. and Brooks, David and Doel, Peter and Fanning, Kevin and Gaztañaga, Enrique and Kehoe, Robert and Landriau, Martin and Meisner, Aaron and Moustakas, John and Poppett, Claire and Tarle, Gregory and Weiner, Benjamin and Zou, Hu},
   year={2023},
   month=mar, pages={16} }

@ARTICLE{YSE_DR1_2023,
       author = {{Aleo}, P.~D. and {Malanchev}, K. and {Sharief}, S. and {Jones}, D.~O. and {Narayan}, G. and {Foley}, R.~J. and {Villar}, V.~A. and {Angus}, C.~R. and {Baldassare}, V.~F. and {Bustamante-Rosell}, M.~J. and {Chatterjee}, D. and {Cold}, C. and {Coulter}, D.~A. and {Davis}, K.~W. and {Dhawan}, S. and {Drout}, M.~R. and {Engel}, A. and {French}, K.~D. and {Gagliano}, A. and {Gall}, C. and {Hjorth}, J. and {Huber}, M.~E. and {Jacobson-Gal{\'a}n}, W.~V. and {Kilpatrick}, C.~D. and {Langeroodi}, D. and {Macias}, P. and {Mandel}, K.~S. and {Margutti}, R. and {Matasi{\'c}}, F. and {McGill}, P. and {Pierel}, J.~D.~R. and {Ramirez-Ruiz}, E. and {Ransome}, C.~L. and {Rojas-Bravo}, C. and {Siebert}, M.~R. and {Smith}, K.~W. and {de Soto}, K.~M. and {Stroh}, M.~C. and {Tinyanont}, S. and {Taggart}, K. and {Ward}, S.~M. and {Wojtak}, R. and {Auchettl}, K. and {Blanchard}, P.~K. and {de Boer}, T.~J.~L. and {Boyd}, B.~M. and {Carroll}, C.~M. and {Chambers}, K.~C. and {DeMarchi}, L. and {Dimitriadis}, G. and {Dodd}, S.~A. and {Earl}, N. and {Farias}, D. and {Gao}, H. and {Gomez}, S. and {Grayling}, M. and {Grillo}, C. and {Hayes}, E.~E. and {Hung}, T. and {Izzo}, L. and {Khetan}, N. and {Kolborg}, A.~N. and {Law-Smith}, J.~A.~P. and {LeBaron}, N. and {Lin}, C. -C. and {Luo}, Y. and {Magnier}, E.~A. and {Matthews}, D. and {Mockler}, B. and {O'Grady}, A.~J.~G. and {Pan}, Y. -C. and {Politsch}, C.~A. and {Raimundo}, S.~I. and {Rest}, A. and {Ridden-Harper}, R. and {Sarangi}, A. and {Schr{\o}der}, S.~L. and {Smartt}, S.~J. and {Terreran}, G. and {Thorp}, S. and {Vazquez}, J. and {Wainscoat}, R.~J. and {Wang}, Q. and {Wasserman}, A.~R. and {Yadavalli}, S.~K. and {Yarza}, R. and {Zenati}, Y. and {Young Supernova Experiment}},
        title = "{The Young Supernova Experiment Data Release 1 (YSE DR1): Light Curves and Photometric Classification of 1975 Supernovae}",
      journal = {\apjs},
     keywords = {Supernovae, Surveys, Astronomy databases, Light curves, Light curve classification, 1668, 1671, 83, 918, 1954, Astrophysics - High Energy Astrophysical Phenomena, Astrophysics - Instrumentation and Methods for Astrophysics, Astrophysics - Solar and Stellar Astrophysics},
         year = 2023,
        month = may,
       volume = {266},
       number = {1},
          eid = {9},
        pages = {9},
          doi = {10.3847/1538-4365/acbfba},
archivePrefix = {arXiv},
       eprint = {2211.07128},
 primaryClass = {astro-ph.HE},
       adsurl = {https://ui.adsabs.harvard.edu/abs/2023ApJS..266....9A},
      adsnote = {Provided by the SAO/NASA Astrophysics Data System}
}

@ARTICLE{PLAsTiCC_2018,
       author = {{The PLAsTiCC team} and {Allam}, Tarek, Jr. and {Bahmanyar}, Anita and {Biswas}, Rahul and {Dai}, Mi and {Galbany}, Llu{\'\i}s and {Hlo{\v{z}}ek}, Ren{\'e}e and {Ishida}, Emille E.~O. and {Jha}, Saurabh W. and {Jones}, David O. and {Kessler}, Richard and {Lochner}, Michelle and {Mahabal}, Ashish A. and {Malz}, Alex I. and {Mandel}, Kaisey S. and {Mart{\'\i}nez-Galarza}, Juan Rafael and {McEwen}, Jason D. and {Muthukrishna}, Daniel and {Narayan}, Gautham and {Peiris}, Hiranya and {Peters}, Christina M. and {Ponder}, Kara and {Setzer}, Christian N. and {The LSST Dark Energy Science Collaboration} and {LSST Transients}, The and {Variable Stars Science Collaboration}},
        title = "{The Photometric LSST Astronomical Time-series Classification Challenge (PLAsTiCC): Data set}",
      journal = {arXiv e-prints},
     keywords = {Astrophysics - Instrumentation and Methods for Astrophysics, Astrophysics - Solar and Stellar Astrophysics},
         year = 2018,
        month = sep,
          eid = {arXiv:1810.00001},
        pages = {arXiv:1810.00001},
          doi = {10.48550/arXiv.1810.00001},
archivePrefix = {arXiv},
       eprint = {1810.00001},
 primaryClass = {astro-ph.IM},
       adsurl = {https://ui.adsabs.harvard.edu/abs/2018arXiv181000001T},
      adsnote = {Provided by the SAO/NASA Astrophysics Data System}
}

@ARTICLE{CSP-I_2010,
       author = {{Contreras}, Carlos and {Hamuy}, Mario and {Phillips}, M.~M. and {Folatelli}, Gast{\'o}n and {Suntzeff}, Nicholas B. and {Persson}, S.~E. and {Stritzinger}, Maximilian and {Boldt}, Luis and {Gonz{\'a}lez}, Sergio and {Krzeminski}, Wojtek and {Morrell}, Nidia and {Roth}, Miguel and {Salgado}, Francisco and {Maureira}, Mar{\'\i}a Jos{\'e} and {Burns}, Christopher R. and {Freedman}, W.~L. and {Madore}, Barry F. and {Murphy}, David and {Wyatt}, Pamela and {Li}, Weidong and {Filippenko}, Alexei V.},
        title = "{The Carnegie Supernova Project: First Photometry Data Release of Low-Redshift Type Ia Supernovae}",
      journal = {\aj},
     keywords = {galaxies: distances and redshifts, supernovae: general, Astrophysics - Cosmology and Nongalactic Astrophysics},
         year = 2010,
        month = feb,
       volume = {139},
       number = {2},
        pages = {519-539},
          doi = {10.1088/0004-6256/139/2/519},
archivePrefix = {arXiv},
       eprint = {0910.3330},
 primaryClass = {astro-ph.CO},
       adsurl = {https://ui.adsabs.harvard.edu/abs/2010AJ....139..519C},
      adsnote = {Provided by the SAO/NASA Astrophysics Data System}
}

@ARTICLE{CSP-I_2011,
       author = {{Stritzinger}, Maximilian D. and {Phillips}, M.~M. and {Boldt}, Luis N. and {Burns}, Chris and {Campillay}, Abdo and {Contreras}, Carlos and {Gonzalez}, Sergio and {Folatelli}, Gast{\'o}n and {Morrell}, Nidia and {Krzeminski}, Wojtek and {Roth}, Miguel and {Salgado}, Francisco and {DePoy}, D.~L. and {Hamuy}, Mario and {Freedman}, Wendy L. and {Madore}, Barry F. and {Marshall}, J.~L. and {Persson}, Sven E. and {Rheault}, Jean-Philippe and {Suntzeff}, Nicholas B. and {Villanueva}, Steven and {Li}, Weidong and {Filippenko}, Alexei V.},
        title = "{The Carnegie Supernova Project: Second Photometry Data Release of Low-redshift Type Ia Supernovae}",
      journal = {\aj},
     keywords = {galaxies: distances and redshifts, supernovae: general, Astrophysics - Cosmology and Nongalactic Astrophysics},
         year = 2011,
        month = nov,
       volume = {142},
       number = {5},
          eid = {156},
        pages = {156},
          doi = {10.1088/0004-6256/142/5/156},
archivePrefix = {arXiv},
       eprint = {1108.3108},
 primaryClass = {astro-ph.CO},
       adsurl = {https://ui.adsabs.harvard.edu/abs/2011AJ....142..156S},
      adsnote = {Provided by the SAO/NASA Astrophysics Data System}
}

@ARTICLE{CSP-I_2017,
       author = {{Krisciunas}, Kevin and {Contreras}, Carlos and {Burns}, Christopher R. and {Phillips}, M.~M. and {Stritzinger}, Maximilian D. and {Morrell}, Nidia and {Hamuy}, Mario and {Anais}, Jorge and {Boldt}, Luis and {Busta}, Luis and {Campillay}, Abdo and {Castell{\'o}n}, Sergio and {Folatelli}, Gast{\'o}n and {Freedman}, Wendy L. and {Gonz{\'a}lez}, Consuelo and {Hsiao}, Eric Y. and {Krzeminski}, Wojtek and {Persson}, Sven Eric and {Roth}, Miguel and {Salgado}, Francisco and {Ser{\'o}n}, Jacqueline and {Suntzeff}, Nicholas B. and {Torres}, Sim{\'o}n and {Filippenko}, Alexei V. and {Li}, Weidong and {Madore}, Barry F. and {DePoy}, D.~L. and {Marshall}, Jennifer L. and {Rheault}, Jean-Philippe and {Villanueva}, Steven},
        title = "{The Carnegie Supernova Project. I. Third Photometry Data Release of Low-redshift Type Ia Supernovae and Other White Dwarf Explosions}",
      journal = {\aj},
     keywords = {instrumentation: photometers, supernovae: general, surveys, techniques: photometric, Astrophysics - Instrumentation and Methods for Astrophysics, Astrophysics - High Energy Astrophysical Phenomena},
         year = 2017,
        month = nov,
       volume = {154},
       number = {5},
          eid = {211},
        pages = {211},
          doi = {10.3847/1538-3881/aa8df0},
archivePrefix = {arXiv},
       eprint = {1709.05146},
 primaryClass = {astro-ph.IM},
       adsurl = {https://ui.adsabs.harvard.edu/abs/2017AJ....154..211K},
      adsnote = {Provided by the SAO/NASA Astrophysics Data System}
}

@article{astropt,
	author = {Smith, M. J. and Roberts, R. J. and Angeloudi, E. and Huertas-Company, M.},
	title = {{AstroPT: Scaling Large Observation Models for Astronomy}},
	journal = {ArXiv e-prints},
	year = {2024},
	eprint = {2405.14930},
	pages = {arXiv:2405.14930},
	doi = {10.48550/arXiv.2405.14930}
}

@ARTICLE{CfA3,
       author = {{Hicken}, Malcolm and {Challis}, Peter and {Jha}, Saurabh and {Kirshner}, Robert P. and {Matheson}, Tom and {Modjaz}, Maryam and {Rest}, Armin and {Wood-Vasey}, W. Michael and {Bakos}, Gaspar and {Barton}, Elizabeth J. and {Berlind}, Perry and {Bragg}, Ann and {Brice{\~n}o}, Cesar and {Brown}, Warren R. and {Caldwell}, Nelson and {Calkins}, Mike and {Cho}, Richard and {Ciupik}, Larry and {Contreras}, Maria and {Dendy}, Kristi-Concannon and {Dosaj}, Anil and {Durham}, Nick and {Eriksen}, Kris and {Esquerdo}, Gil and {Everett}, Mark and {Falco}, Emilio and {Fernandez}, Jose and {Gaba}, Alejandro and {Garnavich}, Peter and {Graves}, Genevieve and {Green}, Paul and {Groner}, Ted and {Hergenrother}, Carl and {Holman}, Matthew J. and {Hradecky}, Vit and {Huchra}, John and {Hutchison}, Bob and {Jerius}, Diab and {Jordan}, Andres and {Kilgard}, Roy and {Krauss}, Miriam and {Luhman}, Kevin and {Macri}, Lucas and {Marrone}, Daniel and {McDowell}, Jonathan and {McIntosh}, Daniel and {McNamara}, Brian and {Megeath}, Tom and {Mochejska}, Barbara and {Munoz}, Diego and {Muzerolle}, James and {Naranjo}, Orlando and {Narayan}, Gautham and {Pahre}, Michael and {Peters}, Wayne and {Peterson}, Dawn and {Rines}, Ken and {Ripman}, Ben and {Roussanova}, Anna and {Schild}, Rudolph and {Sicilia-Aguilar}, Aurora and {Sokoloski}, Jennifer and {Smalley}, Kyle and {Smith}, Andy and {Spahr}, Tim and {Stanek}, K.~Z. and {Barmby}, Pauline and {Blondin}, St{\'e}phane and {Stubbs}, Christopher W. and {Szentgyorgyi}, Andrew and {Torres}, Manuel A.~P. and {Vaz}, Amili and {Vikhlinin}, Alexey and {Wang}, Zhong and {Westover}, Mike and {Woods}, Deborah and {Zhao}, Ping},
        title = "{CfA3: 185 Type Ia Supernova Light Curves from the CfA}",
      journal = {\apj},
     keywords = {supernovae: general, Astrophysics - Cosmology and Extragalactic Astrophysics},
         year = 2009,
        month = jul,
       volume = {700},
       number = {1},
        pages = {331-357},
          doi = {10.1088/0004-637X/700/1/331},
archivePrefix = {arXiv},
       eprint = {0901.4787},
 primaryClass = {astro-ph.CO},
       adsurl = {https://ui.adsabs.harvard.edu/abs/2009ApJ...700..331H},
      adsnote = {Provided by the SAO/NASA Astrophysics Data System}
}

@article{francis2024,
	author = {Francis, A. and Czerkawski, M.},
	title = {{Major TOM: Expandable Datasets for Earth Observation}},
	journal = {ArXiv e-prints},
	year = {2024},
	eprint = {2402.12095},
    pages = {arXiv:2402.12095},
	doi = {10.48550/arXiv.2402.12095}
}

@article{goswami2024,
	author = {Goswami, M. and Szafer, K. and Choudhry, A. and Cai, Y. and Li, S. and Dubrawski, A.},
	title = {{MOMENT: A Family of Open Time-series Foundation Models}},
	journal = {ArXiv e-prints},
	year = {2024},
	eprint = {2402.03885},
    pages = {arXiv:2402.03885},
	doi = {10.48550/arXiv.2402.03885}
}

@article{avocado,
   title={Avocado: Photometric Classification of Astronomical Transients with Gaussian Process Augmentation},
   volume={158},
   ISSN={1538-3881},
   url={http://dx.doi.org/10.3847/1538-3881/ab5182},
   DOI={10.3847/1538-3881/ab5182},
   number={6},
   journal={The Astronomical Journal},
   publisher={American Astronomical Society},
   author={Boone, Kyle},
   year={2019},
   month=dec, pages={257} }


@ARTICLE{CfA4,
       author = {{Hicken}, Malcolm and {Challis}, Peter and {Kirshner}, Robert P. and {Rest}, Armin and {Cramer}, Claire E. and {Wood-Vasey}, W. Michael and {Bakos}, Gaspar and {Berlind}, Perry and {Brown}, Warren R. and {Caldwell}, Nelson and {Calkins}, Mike and {Currie}, Thayne and {de Kleer}, Kathy and {Esquerdo}, Gil and {Everett}, Mark and {Falco}, Emilio and {Fernandez}, Jose and {Friedman}, Andrew S. and {Groner}, Ted and {Hartman}, Joel and {Holman}, Matthew J. and {Hutchins}, Robert and {Keys}, Sonia and {Kipping}, David and {Latham}, Dave and {Marion}, George H. and {Narayan}, Gautham and {Pahre}, Michael and {Pal}, Andras and {Peters}, Wayne and {Perumpilly}, Gopakumar and {Ripman}, Ben and {Sipocz}, Brigitta and {Szentgyorgyi}, Andrew and {Tang}, Sumin and {Torres}, Manuel A.~P. and {Vaz}, Amali and {Wolk}, Scott and {Zezas}, Andreas},
        title = "{CfA4: Light Curves for 94 Type Ia Supernovae}",
      journal = {\apjs},
     keywords = {supernovae: general, Astrophysics - Cosmology and Nongalactic Astrophysics},
         year = 2012,
        month = jun,
       volume = {200},
       number = {2},
          eid = {12},
        pages = {12},
          doi = {10.1088/0067-0049/200/2/12},
archivePrefix = {arXiv},
       eprint = {1205.4493},
 primaryClass = {astro-ph.CO},
       adsurl = {https://ui.adsabs.harvard.edu/abs/2012ApJS..200...12H},
      adsnote = {Provided by the SAO/NASA Astrophysics Data System}
}

@ARTICLE{CfA-SECCSN,
       author = {{Bianco}, F.~B. and {Modjaz}, M. and {Hicken}, M. and {Friedman}, A. and {Kirshner}, R.~P. and {Bloom}, J.~S. and {Challis}, P. and {Marion}, G.~H. and {Wood-Vasey}, W.~M. and {Rest}, A.},
        title = "{Multi-color Optical and Near-infrared Light Curves of 64 Stripped-envelope Core-Collapse Supernovae}",
      journal = {\apjs},
     keywords = {supernovae: general, Astrophysics - Solar and Stellar Astrophysics, Astrophysics - High Energy Astrophysical Phenomena},
         year = 2014,
        month = aug,
       volume = {213},
       number = {2},
          eid = {19},
        pages = {19},
          doi = {10.1088/0067-0049/213/2/19},
archivePrefix = {arXiv},
       eprint = {1405.1428},
 primaryClass = {astro-ph.SR},
       adsurl = {https://ui.adsabs.harvard.edu/abs/2014ApJS..213...19B},
      adsnote = {Provided by the SAO/NASA Astrophysics Data System}
}

@ARTICLE{CfA-SNeII,
       author = {{Hicken}, Malcolm and {Friedman}, Andrew S. and {Blondin}, Stephane and {Challis}, Peter and {Berlind}, Perry and {Calkins}, Mike and {Esquerdo}, Gil and {Matheson}, Thomas and {Modjaz}, Maryam and {Rest}, Armin and {Kirshner}, Robert P.},
        title = "{Type II Supernova Light Curves and Spectra from the CfA}",
      journal = {\apjs},
     keywords = {supernovae: general, Astrophysics - High Energy Astrophysical Phenomena},
         year = 2017,
        month = nov,
       volume = {233},
       number = {1},
          eid = {6},
        pages = {6},
          doi = {10.3847/1538-4365/aa8ef4},
archivePrefix = {arXiv},
       eprint = {1706.01030},
 primaryClass = {astro-ph.HE},
       adsurl = {https://ui.adsabs.harvard.edu/abs/2017ApJS..233....6H},
      adsnote = {Provided by the SAO/NASA Astrophysics Data System}
}

@ARTICLE{BTSbot_2023,
       author = {{Rehemtulla}, Nabeel and {Miller}, Adam A. and {Coughlin}, Michael W. and {Jegou du Laz}, Theophile},
        title = "{$\texttt{BTSbot}$: A Multi-input Convolutional Neural Network to Automate and Expedite Bright Transient Identification for the Zwicky Transient Facility}",
      journal = {arXiv e-prints},
     keywords = {Astrophysics - Instrumentation and Methods for Astrophysics},
         year = 2023,
        month = jul,
          eid = {arXiv:2307.07618},
        pages = {arXiv:2307.07618},
          doi = {10.48550/arXiv.2307.07618},
archivePrefix = {arXiv},
       eprint = {2307.07618},
 primaryClass = {astro-ph.IM},
       adsurl = {https://ui.adsabs.harvard.edu/abs/2023arXiv230707618R},
      adsnote = {Provided by the SAO/NASA Astrophysics Data System}
}

@ARTICLE{BTSbot_2024,
       author = {{Rehemtulla}, Nabeel and {Miller}, Adam A. and {Jegou Du Laz}, Theophile and {Coughlin}, Michael W. and {Fremling}, Christoffer and {Perley}, Daniel A. and {Qin}, Yu-Jing and {Sollerman}, Jesper and {Mahabal}, Ashish A. and {Laher}, Russ R. and {Riddle}, Reed and {Rusholme}, Ben and {Kulkarni}, Shrinivas R.},
        title = "{The Zwicky Transient Facility Bright Transient Survey. III. $\texttt{BTSbot}$: Automated Identification and Follow-up of Bright Transients with Deep Learning}",
      journal = {arXiv e-prints},
     keywords = {Astrophysics - Instrumentation and Methods for Astrophysics},
         year = 2024,
        month = jan,
          eid = {arXiv:2401.15167},
        pages = {arXiv:2401.15167},
          doi = {10.48550/arXiv.2401.15167},
archivePrefix = {arXiv},
       eprint = {2401.15167},
 primaryClass = {astro-ph.IM},
       adsurl = {https://ui.adsabs.harvard.edu/abs/2024arXiv240115167R},
      adsnote = {Provided by the SAO/NASA Astrophysics Data System}
}

@article{huber1964,
	author = {Huber, P. J.},
	title = {{Robust Estimation of a Location Parameter}},
	journal = {Annals of Mathematical Statistics},
	volume = {35},
	number = {1},
	pages = {73--101},
	year = {1964},
	issn = {0003-4851},
	publisher = {Institute of Mathematical Statistics},
	doi = {10.1214/aoms/1177703732}
}

@article{he2015,
	author = {He, K. and Zhang, X. and Ren, S. and Sun, J.},
	title = {{Deep Residual Learning for Image Recognition}},
	journal = {ArXiv e-prints},
	year = {2015},
	eprint = {1512.03385},
	doi = {10.48550/arXiv.1512.03385}
}

@article{zhong2023,
	author = {Zhong, F. and Napolitano, N. R. and Heneka, C. and Li, R. and Bauer, F. E. and Bouche, N. and Comparat, J. and Kim, Y.-L. and Krogager, J.-K. and Longhetti, M. and Loveday, J. and Roukema, B. F. and Rouse, B. L. and Salvato, M. and Tortora, C. and Assef, R. J. and Cassar{\ifmmode\grave{a}\else\`{a}\fi}, L. P. and Costantin, L. and Croom, S. and Davies, L. J. M. and Fritz, A. and Guiglion, G. and Humphrey, A. and Pompei, E. and Ricci, C. and Sif{\ifmmode\acute{o}\else\'{o}\fi}n, C. and Tempel, E. and Zafar, T.},
	title = {{Galaxy Spectra neural Network (GaSNet). II. Using Deep Learning for Spectral Classification and Redshift Predictions}},
	journal = {ArXiv e-prints},
	year = {2023},
	eprint = {2311.04146},
    pages = {arXiv:2311.04146},
	doi = {10.48550/arXiv.2311.04146}
}

@ARTICLE{ricker2015,
       author = {{Ricker}, George R. and {Winn}, Joshua N. and {Vanderspek}, Roland and {Latham}, David W. and {Bakos}, G{\'a}sp{\'a}r {\'A}. and {Bean}, Jacob L. and {Berta-Thompson}, Zachory K. and {Brown}, Timothy M. and {Buchhave}, Lars and {Butler}, Nathaniel R. and {Butler}, R. Paul and {Chaplin}, William J. and {Charbonneau}, David and {Christensen-Dalsgaard}, J{\o}rgen and {Clampin}, Mark and {Deming}, Drake and {Doty}, John and {De Lee}, Nathan and {Dressing}, Courtney and {Dunham}, Edward W. and {Endl}, Michael and {Fressin}, Francois and {Ge}, Jian and {Henning}, Thomas and {Holman}, Matthew J. and {Howard}, Andrew W. and {Ida}, Shigeru and {Jenkins}, Jon M. and {Jernigan}, Garrett and {Johnson}, John Asher and {Kaltenegger}, Lisa and {Kawai}, Nobuyuki and {Kjeldsen}, Hans and {Laughlin}, Gregory and {Levine}, Alan M. and {Lin}, Douglas and {Lissauer}, Jack J. and {MacQueen}, Phillip and {Marcy}, Geoffrey and {McCullough}, Peter R. and {Morton}, Timothy D. and {Narita}, Norio and {Paegert}, Martin and {Palle}, Enric and {Pepe}, Francesco and {Pepper}, Joshua and {Quirrenbach}, Andreas and {Rinehart}, Stephen A. and {Sasselov}, Dimitar and {Sato}, Bun'ei and {Seager}, Sara and {Sozzetti}, Alessandro and {Stassun}, Keivan G. and {Sullivan}, Peter and {Szentgyorgyi}, Andrew and {Torres}, Guillermo and {Udry}, Stephane and {Villasenor}, Joel},
        title = "{Transiting Exoplanet Survey Satellite (TESS)}",
      journal = {Journal of Astronomical Telescopes, Instruments, and Systems},
         year = 2015,
        month = jan,
       volume = {1},
          eid = {014003},
        pages = {014003},
          doi = {10.1117/1.JATIS.1.1.014003},
       adsurl = {https://ui.adsabs.harvard.edu/abs/2015JATIS...1a4003R},
      adsnote = {Provided by the SAO/NASA Astrophysics Data System}
}

@ARTICLE{Caldwell2020,
       author = {{Caldwell}, Douglas A. and {Tenenbaum}, Peter and {Twicken}, Joseph D. and {Jenkins}, Jon M. and {Ting}, Eric and {Smith}, Jeffrey C. and {Hedges}, Christina and {Fausnaugh}, Michael M. and {Rose}, Mark and {Burke}, Christopher},
        title = "{TESS Science Processing Operations Center FFI Target List Products}",
      journal = {Research Notes of the American Astronomical Society},
     keywords = {Catalogs, CCD photometry, Stellar photometry, 205, 208, 1620, Astrophysics - Earth and Planetary Astrophysics, Astrophysics - Instrumentation and Methods for Astrophysics, Astrophysics - Solar and Stellar Astrophysics},
         year = 2020,
        month = nov,
       volume = {4},
       number = {11},
          eid = {201},
        pages = {201},
          doi = {10.3847/2515-5172/abc9b3},
archivePrefix = {arXiv},
       eprint = {2011.05495},
 primaryClass = {astro-ph.EP},
       adsurl = {https://ui.adsabs.harvard.edu/abs/2020RNAAS...4..201C},
      adsnote = {Provided by the SAO/NASA Astrophysics Data System}
}

@ARTICLE{QLP1Huang2020,
       author = {{Huang}, Chelsea X. and {Vanderburg}, Andrew and {P{\'a}l}, Andras and {Sha}, Lizhou and {Yu}, Liang and {Fong}, Willie and {Fausnaugh}, Michael and {Shporer}, Avi and {Guerrero}, Natalia and {Vanderspek}, Roland and {Ricker}, George},
        title = "{Photometry of 10 Million Stars from the First Two Years of TESS Full Frame Images: Part I}",
      journal = {Research Notes of the American Astronomical Society},
     keywords = {Space observatories, Astronomy data analysis, 1543, 1858, Astrophysics - Earth and Planetary Astrophysics, Astrophysics - Instrumentation and Methods for Astrophysics, Astrophysics - Solar and Stellar Astrophysics},
         year = 2020,
        month = nov,
       volume = {4},
       number = {11},
          eid = {204},
        pages = {204},
          doi = {10.3847/2515-5172/abca2e},
archivePrefix = {arXiv},
       eprint = {2011.06459},
 primaryClass = {astro-ph.EP},
       adsurl = {https://ui.adsabs.harvard.edu/abs/2020RNAAS...4..204H},
      adsnote = {Provided by the SAO/NASA Astrophysics Data System}
}

@ARTICLE{QLP3Kunimoto2021,
       author = {{Kunimoto}, Michelle and {Huang}, Chelsea and {Tey}, Evan and {Fong}, Willie and {Hesse}, Katharine and {Shporer}, Avi and {Guerrero}, Natalia and {Fausnaugh}, Michael and {Vanderspek}, Roland and {Ricker}, George},
        title = "{Quick-look Pipeline Lightcurves for 9.1 Million Stars Observed over the First Year of the TESS Extended Mission}",
      journal = {Research Notes of the American Astronomical Society},
     keywords = {Light curves, Transit photometry, Exoplanets, 918, 1709, 498, Astrophysics - Earth and Planetary Astrophysics, Astrophysics - Instrumentation and Methods for Astrophysics, Astrophysics - Solar and Stellar Astrophysics},
         year = 2021,
        month = oct,
       volume = {5},
       number = {10},
          eid = {234},
        pages = {234},
          doi = {10.3847/2515-5172/ac2ef0},
archivePrefix = {arXiv},
       eprint = {2110.05542},
 primaryClass = {astro-ph.EP},
       adsurl = {https://ui.adsabs.harvard.edu/abs/2021RNAAS...5..234K},
      adsnote = {Provided by the SAO/NASA Astrophysics Data System}
}

@ARTICLE{Audenaert2021,
       author = {{Audenaert}, J. and {Kuszlewicz}, J.~S. and {Handberg}, R. and {Tkachenko}, A. and {Armstrong}, D.~J. and {Hon}, M. and {Kgoadi}, R. and {Lund}, M.~N. and {Bell}, K.~J. and {Bugnet}, L. and {Bowman}, D.~M. and {Johnston}, C. and {Garc{\'\i}a}, R.~A. and {Stello}, D. and {Moln{\'a}r}, L. and {Plachy}, E. and {Buzasi}, D. and {Aerts}, C. and {T'DA collaboration}},
        title = "{TESS Data for Asteroseismology (T'DA) Stellar Variability Classification Pipeline: Setup and Application to the Kepler Q9 Data}",
      journal = {\aj},
     keywords = {Asteroseismology, 73, Astrophysics - Solar and Stellar Astrophysics, Astrophysics - Instrumentation and Methods for Astrophysics},
         year = 2021,
        month = nov,
       volume = {162},
       number = {5},
          eid = {209},
        pages = {209},
          doi = {10.3847/1538-3881/ac166a},
archivePrefix = {arXiv},
       eprint = {2107.06301},
 primaryClass = {astro-ph.SR},
       adsurl = {https://ui.adsabs.harvard.edu/abs/2021AJ....162..209A},
      adsnote = {Provided by the SAO/NASA Astrophysics Data System}
}

@ARTICLE{Tey2023,
       author = {{Tey}, Evan and {Moldovan}, Dan and {Kunimoto}, Michelle and {Huang}, Chelsea X. and {Shporer}, Avi and {Daylan}, Tansu and {Muthukrishna}, Daniel and {Vanderburg}, Andrew and {Dattilo}, Anne and {Ricker}, George R. and {Seager}, S.},
        title = "{Identifying Exoplanets with Deep Learning. V. Improved Light-curve Classification for TESS Full-frame Image Observations}",
      journal = {\aj},
     keywords = {Neural networks, Transit photometry, Exoplanet detection methods, Exoplanet catalogs, 1933, 1709, 489, 488, Astrophysics - Earth and Planetary Astrophysics, Astrophysics - Instrumentation and Methods for Astrophysics, Computer Science - Machine Learning},
         year = 2023,
        month = mar,
       volume = {165},
       number = {3},
          eid = {95},
        pages = {95},
          doi = {10.3847/1538-3881/acad85},
archivePrefix = {arXiv},
       eprint = {2301.01371},
 primaryClass = {astro-ph.EP},
       adsurl = {https://ui.adsabs.harvard.edu/abs/2023AJ....165...95T},
      adsnote = {Provided by the SAO/NASA Astrophysics Data System}
}

@ARTICLE{Pan2024,
       author = {{Pan}, Jia-Shu and {Ting}, Yuan-Sen and {Yu}, Jie},
        title = "{Astroconformer: The prospects of analysing stellar light curves with transformer-based deep learning models}",
      journal = {\mnras},
     keywords = {asteroseismology, methods: data analysis, Astrophysics - Solar and Stellar Astrophysics, Astrophysics - Earth and Planetary Astrophysics, Astrophysics - Instrumentation and Methods for Astrophysics, Computer Science - Machine Learning},
         year = 2024,
        month = mar,
       volume = {528},
       number = {4},
        pages = {5890-5903},
          doi = {10.1093/mnras/stae068},
archivePrefix = {arXiv},
       eprint = {2309.16316},
 primaryClass = {astro-ph.SR},
       adsurl = {https://ui.adsabs.harvard.edu/abs/2024MNRAS.528.5890P},
      adsnote = {Provided by the SAO/NASA Astrophysics Data System}
}

@article{qu2024connect,
      title={Connect Later: Improving Fine-tuning for Robustness with Targeted Augmentations}, 
      author={Helen Qu and Sang Michael Xie},
      year={2024},
      eprint={2402.03325},
      archivePrefix={arXiv},
      primaryClass={cs.CV}
}

@inproceedings{zhou2021informer,
  title={Informer: Beyond efficient transformer for long sequence time-series forecasting},
  author={Zhou, Haoyi and Zhang, Shanghang and Peng, Jieqi and Zhang, Shuai and Li, Jianxin and Xiong, Hui and Zhang, Wancai},
  booktitle={Proceedings of the AAAI conference on artificial intelligence},
  volume={35},
  number={12},
  pages={11106--11115},
  year={2021}
}

@article{li2021learnable,
  title={Learnable fourier features for multi-dimensional spatial positional encoding},
  author={Li, Yang and Si, Si and Li, Gang and Hsieh, Cho-Jui and Bengio, Samy},
  journal={Advances in Neural Information Processing Systems},
  volume={34},
  pages={15816--15829},
  year={2021}
}

@BOOK{wilkes19,
       author = {{Wilkes}, Belinda and {Tucker}, Wallace},
        title = "{The Chandra X-ray Observatory; Exploring the high energy universe}",
         year = 2019,
          doi = {10.1088/2514-3433/ab43dc},
       adsurl = {https://ui.adsabs.harvard.edu/abs/2019cxro.book.....W},
      adsnote = {Provided by the SAO/NASA Astrophysics Data System}
}

@article{Nguyen2023AstroLLaMA,title={AstroLLaMA: Towards Specialized Foundation Models in Astronomy},author={Tuan Dung Nguyen and Yuan-Sen Ting and I. Ciucă and Charlie O'Neill and Ze-Chang Sun and Maja Jablo'nska and S. Kruk and Ernest Perkowski and Jack W. Miller and Jason Li and Josh Peek and K. Iyer and Tomasz R'o.za'nski and P. Khetarpal and Sharaf Zaman and D. Brodrick and Sergio J. Rodr'iguez M'endez and Thang Bui and Alyssa Goodman and A. Accomazzi and Jill P. Naiman and Jesse Cranney and K. Schawinski and UniverseTBD},journal={ArXiv},year={2023},volume={abs/2309.06126},doi={10.48550/arXiv.2309.06126}}

@article{Lintott_2008,
   title={Galaxy Zoo: morphologies derived from visual inspection of galaxies from the Sloan Digital Sky Survey★},
   volume={389},
   ISSN={1365-2966},
   url={http://dx.doi.org/10.1111/j.1365-2966.2008.13689.x},
   DOI={10.1111/j.1365-2966.2008.13689.x},
   number={3},
   journal={Monthly Notices of the Royal Astronomical Society},
   publisher={Oxford University Press (OUP)},
   author={Lintott, Chris J. and Schawinski, Kevin and Slosar, Anže and Land, Kate and Bamford, Steven and Thomas, Daniel and Raddick, M. Jordan and Nichol, Robert C. and Szalay, Alex and Andreescu, Dan and Murray, Phil and Vandenberg, Jan},
   year={2008},
   month=sep, pages={1179–1189} }


@misc{mishrasharma2024paperclip,
      title={PAPERCLIP: Associating Astronomical Observations and Natural Language with Multi-Modal Models}, 
      author={Siddharth Mishra-Sharma and Yiding Song and Jesse Thaler},
      year={2024},
      eprint={2403.08851},
      archivePrefix={arXiv},
      primaryClass={astro-ph.IM}
}

@misc{wu2024designing,
      title={Designing an Evaluation Framework for Large Language Models in Astronomy Research}, 
      author={John F. Wu and Alina Hyk and Kiera McCormick and Christine Ye and Simone Astarita and Elina Baral and Jo Ciuca and Jesse Cranney and Anjalie Field and Kartheik Iyer and Philipp Koehn and Jenn Kotler and Sandor Kruk and Michelle Ntampaka and Charles O'Neill and Joshua E. G. Peek and Sanjib Sharma and Mikaeel Yunus},
      year={2024},
      eprint={2405.20389},
      archivePrefix={arXiv},
      primaryClass={astro-ph.IM}
}

@ARTICLE{Bellm19a,
       author = {{Bellm}, Eric C. and {Kulkarni}, Shrinivas R. and {Barlow}, Tom and {Feindt}, Ulrich and {Graham}, Matthew J. and {Goobar}, Ariel and {Kupfer}, Thomas and {Ngeow}, Chow-Choong and {Nugent}, Peter and {Ofek}, Eran and {Prince}, Thomas A. and {Riddle}, Reed and {Walters}, Richard and {Ye}, Quan-Zhi},
        title = "{The Zwicky Transient Facility: Surveys and Scheduler}",
      journal = {\pasp},
     keywords = {Astrophysics - Instrumentation and Methods for Astrophysics},
         year = 2019,
        month = jun,
       volume = {131},
       number = {1000},
        pages = {068003},
          doi = {10.1088/1538-3873/ab0c2a},
archivePrefix = {arXiv},
       eprint = {1905.02209},
 primaryClass = {astro-ph.IM},
       adsurl = {https://ui.adsabs.harvard.edu/abs/2019PASP..131f8003B},
      adsnote = {Provided by the SAO/NASA Astrophysics Data System}
}

@ARTICLE{ivezic2019lsst,
       author = {{Ivezi{\'c}}, {\v{Z}}eljko and {Kahn}, Steven M. and {Tyson}, J. Anthony and {Abel}, Bob and {Acosta}, Emily and {Allsman}, Robyn and {Alonso}, David and {AlSayyad}, Yusra and {Anderson}, Scott F. and {Andrew}, John and {Angel}, James Roger P. and {Angeli}, George Z. and {Ansari}, Reza and {Antilogus}, Pierre and {Araujo}, Constanza and {Armstrong}, Robert and {Arndt}, Kirk T. and {Astier}, Pierre and {Aubourg}, {\'E}ric and {Auza}, Nicole and {Axelrod}, Tim S. and {Bard}, Deborah J. and {Barr}, Jeff D. and {Barrau}, Aurelian and {Bartlett}, James G. and {Bauer}, Amanda E. and {Bauman}, Brian J. and {Baumont}, Sylvain and {Bechtol}, Ellen and {Bechtol}, Keith and {Becker}, Andrew C. and {Becla}, Jacek and {Beldica}, Cristina and {Bellavia}, Steve and {Bianco}, Federica B. and {Biswas}, Rahul and {Blanc}, Guillaume and {Blazek}, Jonathan and {Blandford}, Roger D. and {Bloom}, Josh S. and {Bogart}, Joanne and {Bond}, Tim W. and {Booth}, Michael T. and {Borgland}, Anders W. and {Borne}, Kirk and {Bosch}, James F. and {Boutigny}, Dominique and {Brackett}, Craig A. and {Bradshaw}, Andrew and {Brandt}, William Nielsen and {Brown}, Michael E. and {Bullock}, James S. and {Burchat}, Patricia and {Burke}, David L. and {Cagnoli}, Gianpietro and {Calabrese}, Daniel and {Callahan}, Shawn and {Callen}, Alice L. and {Carlin}, Jeffrey L. and {Carlson}, Erin L. and {Chandrasekharan}, Srinivasan and {Charles-Emerson}, Glenaver and {Chesley}, Steve and {Cheu}, Elliott C. and {Chiang}, Hsin-Fang and {Chiang}, James and {Chirino}, Carol and {Chow}, Derek and {Ciardi}, David R. and {Claver}, Charles F. and {Cohen-Tanugi}, Johann and {Cockrum}, Joseph J. and {Coles}, Rebecca and {Connolly}, Andrew J. and {Cook}, Kem H. and {Cooray}, Asantha and {Covey}, Kevin R. and {Cribbs}, Chris and {Cui}, Wei and {Cutri}, Roc and {Daly}, Philip N. and {Daniel}, Scott F. and {Daruich}, Felipe and {Daubard}, Guillaume and {Daues}, Greg and {Dawson}, William and {Delgado}, Francisco and {Dellapenna}, Alfred and {de Peyster}, Robert and {de Val-Borro}, Miguel and {Digel}, Seth W. and {Doherty}, Peter and {Dubois}, Richard and {Dubois-Felsmann}, Gregory P. and {Durech}, Josef and {Economou}, Frossie and {Eifler}, Tim and {Eracleous}, Michael and {Emmons}, Benjamin L. and {Fausti Neto}, Angelo and {Ferguson}, Henry and {Figueroa}, Enrique and {Fisher-Levine}, Merlin and {Focke}, Warren and {Foss}, Michael D. and {Frank}, James and {Freemon}, Michael D. and {Gangler}, Emmanuel and {Gawiser}, Eric and {Geary}, John C. and {Gee}, Perry and {Geha}, Marla and {Gessner}, Charles J.~B. and {Gibson}, Robert R. and {Gilmore}, D. Kirk and {Glanzman}, Thomas and {Glick}, William and {Goldina}, Tatiana and {Goldstein}, Daniel A. and {Goodenow}, Iain and {Graham}, Melissa L. and {Gressler}, William J. and {Gris}, Philippe and {Guy}, Leanne P. and {Guyonnet}, Augustin and {Haller}, Gunther and {Harris}, Ron and {Hascall}, Patrick A. and {Haupt}, Justine and {Hernandez}, Fabio and {Herrmann}, Sven and {Hileman}, Edward and {Hoblitt}, Joshua and {Hodgson}, John A. and {Hogan}, Craig and {Howard}, James D. and {Huang}, Dajun and {Huffer}, Michael E. and {Ingraham}, Patrick and {Innes}, Walter R. and {Jacoby}, Suzanne H. and {Jain}, Bhuvnesh and {Jammes}, Fabrice and {Jee}, M. James and {Jenness}, Tim and {Jernigan}, Garrett and {Jevremovi{\'c}}, Darko and {Johns}, Kenneth and {Johnson}, Anthony S. and {Johnson}, Margaret W.~G. and {Jones}, R. Lynne and {Juramy-Gilles}, Claire and {Juri{\'c}}, Mario and {Kalirai}, Jason S. and {Kallivayalil}, Nitya J. and {Kalmbach}, Bryce and {Kantor}, Jeffrey P. and {Karst}, Pierre and {Kasliwal}, Mansi M. and {Kelly}, Heather and {Kessler}, Richard and {Kinnison}, Veronica and {Kirkby}, David and {Knox}, Lloyd and {Kotov}, Ivan V. and {Krabbendam}, Victor L. and {Krughoff}, K. Simon and {Kub{\'a}nek}, Petr and {Kuczewski}, John and {Kulkarni}, Shri and {Ku}, John and {Kurita}, Nadine R. and {Lage}, Craig S. and {Lambert}, Ron and {Lange}, Travis and {Langton}, J. Brian and {Le Guillou}, Laurent and {Levine}, Deborah and {Liang}, Ming and {Lim}, Kian-Tat and {Lintott}, Chris J. and {Long}, Kevin E. and {Lopez}, Margaux and {Lotz}, Paul J. and {Lupton}, Robert H. and {Lust}, Nate B. and {MacArthur}, Lauren A. and {Mahabal}, Ashish and {Mandelbaum}, Rachel and {Markiewicz}, Thomas W. and {Marsh}, Darren S. and {Marshall}, Philip J. and {Marshall}, Stuart and {May}, Morgan and {McKercher}, Robert and {McQueen}, Michelle and {Meyers}, Joshua and {Migliore}, Myriam and {Miller}, Michelle and {Mills}, David J. and {Miraval}, Connor and {Moeyens}, Joachim and {Moolekamp}, Fred E. and {Monet}, David G. and {Moniez}, Marc and {Monkewitz}, Serge and {Montgomery}, Christopher and {Morrison}, Christopher B. and {Mueller}, Fritz and {Muller}, Gary P. and {Mu{\~n}oz Arancibia}, Freddy and {Neill}, Douglas R. and {Newbry}, Scott P. and {Nief}, Jean-Yves and {Nomerotski}, Andrei and {Nordby}, Martin and {O'Connor}, Paul and {Oliver}, John and {Olivier}, Scot S. and {Olsen}, Knut and {O'Mullane}, William and {Ortiz}, Sandra and {Osier}, Shawn and {Owen}, Russell E. and {Pain}, Reynald and {Palecek}, Paul E. and {Parejko}, John K. and {Parsons}, James B. and {Pease}, Nathan M. and {Peterson}, J. Matt and {Peterson}, John R. and {Petravick}, Donald L. and {Libby Petrick}, M.~E. and {Petry}, Cathy E. and {Pierfederici}, Francesco and {Pietrowicz}, Stephen and {Pike}, Rob and {Pinto}, Philip A. and {Plante}, Raymond and {Plate}, Stephen and {Plutchak}, Joel P. and {Price}, Paul A. and {Prouza}, Michael and {Radeka}, Veljko and {Rajagopal}, Jayadev and {Rasmussen}, Andrew P. and {Regnault}, Nicolas and {Reil}, Kevin A. and {Reiss}, David J. and {Reuter}, Michael A. and {Ridgway}, Stephen T. and {Riot}, Vincent J. and {Ritz}, Steve and {Robinson}, Sean and {Roby}, William and {Roodman}, Aaron and {Rosing}, Wayne and {Roucelle}, Cecille and {Rumore}, Matthew R. and {Russo}, Stefano and {Saha}, Abhijit and {Sassolas}, Benoit and {Schalk}, Terry L. and {Schellart}, Pim and {Schindler}, Rafe H. and {Schmidt}, Samuel and {Schneider}, Donald P. and {Schneider}, Michael D. and {Schoening}, William and {Schumacher}, German and {Schwamb}, Megan E. and {Sebag}, Jacques and {Selvy}, Brian and {Sembroski}, Glenn H. and {Seppala}, Lynn G. and {Serio}, Andrew and {Serrano}, Eduardo and {Shaw}, Richard A. and {Shipsey}, Ian and {Sick}, Jonathan and {Silvestri}, Nicole and {Slater}, Colin T. and {Smith}, J. Allyn and {Smith}, R. Chris and {Sobhani}, Shahram and {Soldahl}, Christine and {Storrie-Lombardi}, Lisa and {Stover}, Edward and {Strauss}, Michael A. and {Street}, Rachel A. and {Stubbs}, Christopher W. and {Sullivan}, Ian S. and {Sweeney}, Donald and {Swinbank}, John D. and {Szalay}, Alexander and {Takacs}, Peter and {Tether}, Stephen A. and {Thaler}, Jon J. and {Thayer}, John Gregg and {Thomas}, Sandrine and {Thornton}, Adam J. and {Thukral}, Vaikunth and {Tice}, Jeffrey and {Trilling}, David E. and {Turri}, Max and {Van Berg}, Richard and {Vanden Berk}, Daniel and {Vetter}, Kurt and {Virieux}, Francoise and {Vucina}, Tomislav and {Wahl}, William and {Walkowicz}, Lucianne and {Walsh}, Brian and {Walter}, Christopher W. and {Wang}, Daniel L. and {Wang}, Shin-Yawn and {Warner}, Michael and {Wiecha}, Oliver and {Willman}, Beth and {Winters}, Scott E. and {Wittman}, David and {Wolff}, Sidney C. and {Wood-Vasey}, W. Michael and {Wu}, Xiuqin and {Xin}, Bo and {Yoachim}, Peter and {Zhan}, Hu},
        title = "{LSST: From Science Drivers to Reference Design and Anticipated Data Products}",
      journal = {\apj},
     keywords = {astrometry, cosmology: observations, Galaxy: general, methods: observational, stars: general, surveys, Astrophysics},
         year = 2019,
        month = mar,
       volume = {873},
       number = {2},
          eid = {111},
        pages = {111},
          doi = {10.3847/1538-4357/ab042c},
archivePrefix = {arXiv},
       eprint = {0805.2366},
 primaryClass = {astro-ph},
       adsurl = {https://ui.adsabs.harvard.edu/abs/2019ApJ...873..111I},
      adsnote = {Provided by the SAO/NASA Astrophysics Data System}
}



@ARTICLE{Bellm19b,
       author = {{Bellm}, Eric C. and {Kulkarni}, Shrinivas R. and {Graham}, Matthew J. and {Dekany}, Richard and {Smith}, Roger M. and {Riddle}, Reed and {Masci}, Frank J. and {Helou}, George and {Prince}, Thomas A. and {Adams}, Scott M. and {Barbarino}, C. and {Barlow}, Tom and {Bauer}, James and {Beck}, Ron and {Belicki}, Justin and {Biswas}, Rahul and {Blagorodnova}, Nadejda and {Bodewits}, Dennis and {Bolin}, Bryce and {Brinnel}, Valery and {Brooke}, Tim and {Bue}, Brian and {Bulla}, Mattia and {Burruss}, Rick and {Cenko}, S. Bradley and {Chang}, Chan-Kao and {Connolly}, Andrew and {Coughlin}, Michael and {Cromer}, John and {Cunningham}, Virginia and {De}, Kishalay and {Delacroix}, Alex and {Desai}, Vandana and {Duev}, Dmitry A. and {Eadie}, Gwendolyn and {Farnham}, Tony L. and {Feeney}, Michael and {Feindt}, Ulrich and {Flynn}, David and {Franckowiak}, Anna and {Frederick}, S. and {Fremling}, C. and {Gal-Yam}, Avishay and {Gezari}, Suvi and {Giomi}, Matteo and {Goldstein}, Daniel A. and {Golkhou}, V. Zach and {Goobar}, Ariel and {Groom}, Steven and {Hacopians}, Eugean and {Hale}, David and {Henning}, John and {Ho}, Anna Y.~Q. and {Hover}, David and {Howell}, Justin and {Hung}, Tiara and {Huppenkothen}, Daniela and {Imel}, David and {Ip}, Wing-Huen and {Ivezi{\'c}}, {\v{Z}}eljko and {Jackson}, Edward and {Jones}, Lynne and {Juric}, Mario and {Kasliwal}, Mansi M. and {Kaspi}, S. and {Kaye}, Stephen and {Kelley}, Michael S.~P. and {Kowalski}, Marek and {Kramer}, Emily and {Kupfer}, Thomas and {Landry}, Walter and {Laher}, Russ R. and {Lee}, Chien-De and {Lin}, Hsing Wen and {Lin}, Zhong-Yi and {Lunnan}, Ragnhild and {Giomi}, Matteo and {Mahabal}, Ashish and {Mao}, Peter and {Miller}, Adam A. and {Monkewitz}, Serge and {Murphy}, Patrick and {Ngeow}, Chow-Choong and {Nordin}, Jakob and {Nugent}, Peter and {Ofek}, Eran and {Patterson}, Maria T. and {Penprase}, Bryan and {Porter}, Michael and {Rauch}, Ludwig and {Rebbapragada}, Umaa and {Reiley}, Dan and {Rigault}, Mickael and {Rodriguez}, Hector and {van Roestel}, Jan and {Rusholme}, Ben and {van Santen}, Jakob and {Schulze}, S. and {Shupe}, David L. and {Singer}, Leo P. and {Soumagnac}, Maayane T. and {Stein}, Robert and {Surace}, Jason and {Sollerman}, Jesper and {Szkody}, Paula and {Taddia}, F. and {Terek}, Scott and {Van Sistine}, Angela and {van Velzen}, Sjoert and {Vestrand}, W. Thomas and {Walters}, Richard and {Ward}, Charlotte and {Ye}, Quan-Zhi and {Yu}, Po-Chieh and {Yan}, Lin and {Zolkower}, Jeffry},
        title = "{The Zwicky Transient Facility: System Overview, Performance, and First Results}",
      journal = {\pasp},
     keywords = {Astrophysics - Instrumentation and Methods for Astrophysics},
         year = 2019,
        month = jan,
       volume = {131},
       number = {995},
        pages = {018002},
          doi = {10.1088/1538-3873/aaecbe},
archivePrefix = {arXiv},
       eprint = {1902.01932},
 primaryClass = {astro-ph.IM},
       adsurl = {https://ui.adsabs.harvard.edu/abs/2019PASP..131a8002B},
      adsnote = {Provided by the SAO/NASA Astrophysics Data System}
}

@ARTICLE{Fremling20,
       author = {{Fremling}, C. and {Miller}, A.~A. and {Sharma}, Y. and {Dugas}, A. and {Perley}, D.~A. and {Taggart}, K. and {Sollerman}, J. and {Goobar}, A. and {Graham}, M.~L. and {Neill}, J.~D. and {Nordin}, J. and {Rigault}, M. and {Walters}, R. and {Andreoni}, I. and {Bagdasaryan}, A. and {Belicki}, J. and {Cannella}, C. and {Bellm}, E.~C. and {Cenko}, S.~B. and {De}, K. and {Dekany}, R. and {Frederick}, S. and {Golkhou}, V.~Z. and {Graham}, M.~J. and {Helou}, G. and {Ho}, A.~Y.~Q. and {Kasliwal}, M.~M. and {Kupfer}, T. and {Laher}, R.~R. and {Mahabal}, A. and {Masci}, F.~J. and {Riddle}, R. and {Rusholme}, B. and {Schulze}, S. and {Shupe}, D.~L. and {Smith}, R.~M. and {van Velzen}, S. and {Yan}, Lin and {Yao}, Y. and {Zhuang}, Z. and {Kulkarni}, S.~R.},
        title = "{The Zwicky Transient Facility Bright Transient Survey. I. Spectroscopic Classification and the Redshift Completeness of Local Galaxy Catalogs}",
      journal = {\apj},
     keywords = {Supernovae, Galaxies, Redshift surveys, Surveys, 1668, 573, 1378, 1671, Astrophysics - High Energy Astrophysical Phenomena},
         year = 2020,
        month = may,
       volume = {895},
       number = {1},
          eid = {32},
        pages = {32},
          doi = {10.3847/1538-4357/ab8943},
archivePrefix = {arXiv},
       eprint = {1910.12973},
 primaryClass = {astro-ph.HE},
       adsurl = {https://ui.adsabs.harvard.edu/abs/2020ApJ...895...32F},
      adsnote = {Provided by the SAO/NASA Astrophysics Data System}
}

@ARTICLE{Perley20,
       author = {{Perley}, Daniel A. and {Fremling}, Christoffer and {Sollerman}, Jesper and {Miller}, Adam A. and {Dahiwale}, Aishwarya S. and {Sharma}, Yashvi and {Bellm}, Eric C. and {Biswas}, Rahul and {Brink}, Thomas G. and {Bruch}, Rachel J. and {De}, Kishalay and {Dekany}, Richard and {Drake}, Andrew J. and {Duev}, Dmitry A. and {Filippenko}, Alexei V. and {Gal-Yam}, Avishay and {Goobar}, Ariel and {Graham}, Matthew J. and {Graham}, Melissa L. and {Ho}, Anna Y.~Q. and {Irani}, Ido and {Kasliwal}, Mansi M. and {Kim}, Young-Lo and {Kulkarni}, S.~R. and {Mahabal}, Ashish and {Masci}, Frank J. and {Modak}, Shaunak and {Neill}, James D. and {Nordin}, Jakob and {Riddle}, Reed L. and {Soumagnac}, Maayane T. and {Strotjohann}, Nora L. and {Schulze}, Steve and {Taggart}, Kirsty and {Tzanidakis}, Anastasios and {Walters}, Richard S. and {Yan}, Lin},
        title = "{The Zwicky Transient Facility Bright Transient Survey. II. A Public Statistical Sample for Exploring Supernova Demographics}",
      journal = {\apj},
     keywords = {Supernovae, Catalogs, Surveys, Transient sources, Time domain astronomy, 1668, 205, 1671, 1851, 2109, Astrophysics - High Energy Astrophysical Phenomena},
         year = 2020,
        month = nov,
       volume = {904},
       number = {1},
          eid = {35},
        pages = {35},
          doi = {10.3847/1538-4357/abbd98},
archivePrefix = {arXiv},
       eprint = {2009.01242},
 primaryClass = {astro-ph.HE},
       adsurl = {https://ui.adsabs.harvard.edu/abs/2020ApJ...904...35P},
      adsnote = {Provided by the SAO/NASA Astrophysics Data System}
}

@ARTICLE{2019AJ....158..231W,
       author = {{Westfall}, Kyle B. and {Cappellari}, Michele and {Bershady}, Matthew A. and {Bundy}, Kevin and {Belfiore}, Francesco and {Ji}, Xihan and {Law}, David R. and {Schaefer}, Adam and {Shetty}, Shravan and {Tremonti}, Christy A. and {Yan}, Renbin and {Andrews}, Brett H. and {Brownstein}, Joel R. and {Cherinka}, Brian and {Coccato}, Lodovico and {Drory}, Niv and {Maraston}, Claudia and {Parikh}, Taniya and {S{\'a}nchez-Gallego}, Jos{\'e} R. and {Thomas}, Daniel and {Weijmans}, Anne-Marie and {Barrera-Ballesteros}, Jorge and {Du}, Cheng and {Goddard}, Daniel and {Li}, Niu and {Masters}, Karen and {Ibarra Medel}, H{\'e}ctor Javier and {S{\'a}nchez}, Sebasti{\'a}n F. and {Yang}, Meng and {Zheng}, Zheng and {Zhou}, Shuang},
        title = "{The Data Analysis Pipeline for the SDSS-IV MaNGA IFU Galaxy Survey: Overview}",
      journal = {\aj},
     keywords = {methods: data analysis, techniques: imaging spectroscopy, surveys, galaxies: general, galaxies: fundamental parameters, Astrophysics - Astrophysics of Galaxies},
         year = 2019,
        month = dec,
       volume = {158},
       number = {6},
          eid = {231},
        pages = {231},
          doi = {10.3847/1538-3881/ab44a2},
archivePrefix = {arXiv},
       eprint = {1901.00856},
 primaryClass = {astro-ph.GA},
       adsurl = {https://ui.adsabs.harvard.edu/abs/2019AJ....158..231W},
      adsnote = {Provided by the SAO/NASA Astrophysics Data System}
}

@ARTICLE{2016AJ....152...83L,
       author = {{Law}, David R. and {Cherinka}, Brian and {Yan}, Renbin and {Andrews}, Brett H. and {Bershady}, Matthew A. and {Bizyaev}, Dmitry and {Blanc}, Guillermo A. and {Blanton}, Michael R. and {Bolton}, Adam S. and {Brownstein}, Joel R. and {Bundy}, Kevin and {Chen}, Yanmei and {Drory}, Niv and {D'Souza}, Richard and {Fu}, Hai and {Jones}, Amy and {Kauffmann}, Guinevere and {MacDonald}, Nicholas and {Masters}, Karen L. and {Newman}, Jeffrey A. and {Parejko}, John K. and {S{\'a}nchez-Gallego}, Jos{\'e} R. and {S{\'a}nchez}, Sebastian F. and {Schlegel}, David J. and {Thomas}, Daniel and {Wake}, David A. and {Weijmans}, Anne-Marie and {Westfall}, Kyle B. and {Zhang}, Kai},
        title = "{The Data Reduction Pipeline for the SDSS-IV MaNGA IFU Galaxy Survey}",
      journal = {\aj},
     keywords = {methods: data analysis, surveys, techniques: imaging spectroscopy, Astrophysics - Instrumentation and Methods for Astrophysics},
         year = 2016,
        month = oct,
       volume = {152},
       number = {4},
          eid = {83},
        pages = {83},
          doi = {10.3847/0004-6256/152/4/83},
archivePrefix = {arXiv},
       eprint = {1607.08619},
 primaryClass = {astro-ph.IM},
       adsurl = {https://ui.adsabs.harvard.edu/abs/2016AJ....152...83L},
      adsnote = {Provided by the SAO/NASA Astrophysics Data System}
}


# GALAH
@ARTICLE{GALAH_de_silva,
       author = {{De Silva}, G.~M. and {Freeman}, K.~C. and {Bland-Hawthorn}, J. and {Martell}, S. and {de Boer}, E. Wylie and {Asplund}, M. and {Keller}, S. and {Sharma}, S. and {Zucker}, D.~B. and {Zwitter}, T. and {Anguiano}, B. and {Bacigalupo}, C. and {Bayliss}, D. and {Beavis}, M.~A. and {Bergemann}, M. and {Campbell}, S. and {Cannon}, R. and {Carollo}, D. and {Casagrande}, L. and {Casey}, A.~R. and {Da Costa}, G. and {D'Orazi}, V. and {Dotter}, A. and {Duong}, L. and {Heger}, A. and {Ireland}, M.~J. and {Kafle}, P.~R. and {Kos}, J. and {Lattanzio}, J. and {Lewis}, G.~F. and {Lin}, J. and {Lind}, K. and {Munari}, U. and {Nataf}, D.~M. and {O'Toole}, S. and {Parker}, Q. and {Reid}, W. and {Schlesinger}, K.~J. and {Sheinis}, A. and {Simpson}, J.~D. and {Stello}, D. and {Ting}, Y. -S. and {Traven}, G. and {Watson}, F. and {Wittenmyer}, R. and {Yong}, D. and {{\v{Z}}erjal}, M.},
        title = "{The GALAH survey: scientific motivation}",
      journal = {\mnras},
     keywords = {Galaxy: stellar content, Astrophysics - Astrophysics of Galaxies, Astrophysics - Instrumentation and Methods for Astrophysics, Astrophysics - Solar and Stellar Astrophysics},
         year = 2015,
        month = may,
       volume = {449},
       number = {3},
        pages = {2604-2617},
          doi = {10.1093/mnras/stv327},
archivePrefix = {arXiv},
       eprint = {1502.04767},
 primaryClass = {astro-ph.GA},
       adsurl = {https://ui.adsabs.harvard.edu/abs/2015MNRAS.449.2604D},
      adsnote = {Provided by the SAO/NASA Astrophysics Data System}
}

@ARTICLE{GALAH_Buder,
       author = {{Buder}, Sven and {Sharma}, Sanjib and {Kos}, Janez and {Amarsi}, Anish M. and {Nordlander}, Thomas and {Lind}, Karin and {Martell}, Sarah L. and {Asplund}, Martin and {Bland-Hawthorn}, Joss and {Casey}, Andrew R. and {de Silva}, Gayandhi M. and {D'Orazi}, Valentina and {Freeman}, Ken C. and {Hayden}, Michael R. and {Lewis}, Geraint F. and {Lin}, Jane and {Schlesinger}, Katharine J. and {Simpson}, Jeffrey D. and {Stello}, Dennis and {Zucker}, Daniel B. and {Zwitter}, Toma{\v{z}} and {Beeson}, Kevin L. and {Buck}, Tobias and {Casagrande}, Luca and {Clark}, Jake T. and {{\v{C}}otar}, Klemen and {da Costa}, Gary S. and {de Grijs}, Richard and {Feuillet}, Diane and {Horner}, Jonathan and {Kafle}, Prajwal R. and {Khanna}, Shourya and {Kobayashi}, Chiaki and {Liu}, Fan and {Montet}, Benjamin T. and {Nandakumar}, Govind and {Nataf}, David M. and {Ness}, Melissa K. and {Spina}, Lorenzo and {Tepper-Garc{\'\i}a}, Thor and {Ting}, Yuan-Sen and {Traven}, Gregor and {Vogrin{\v{c}}i{\v{c}}}, Rok and {Wittenmyer}, Robert A. and {Wyse}, Rosemary F.~G. and {{\v{Z}}erjal}, Maru{\v{s}}a and {Galah Collaboration}},
        title = "{The GALAH+ survey: Third data release}",
      journal = {\mnras},
     keywords = {methods: data analysis, methods: observational, surveys, stars: abundances, stars: fundamental parameters, Astrophysics - Astrophysics of Galaxies, Astrophysics - Solar and Stellar Astrophysics},
         year = 2021,
        month = sep,
       volume = {506},
       number = {1},
        pages = {150-201},
          doi = {10.1093/mnras/stab1242},
archivePrefix = {arXiv},
       eprint = {2011.02505},
 primaryClass = {astro-ph.GA},
       adsurl = {https://ui.adsabs.harvard.edu/abs/2021MNRAS.506..150B},
      adsnote = {Provided by the SAO/NASA Astrophysics Data System}
}
